2602 4013
353 186 441 250 60
1012 182 1256 238 SCHOL.
1280 182 1349 237 P'
1369 184 1417 237 V
1438 182 1519 236 IN
1554 182 1724 237 HOR.

536 346 653 413 88.
734 353 1109 430 *Aspergere
1156 344 1357 434 (νοζ)]
1448 352 1676 411 Notare
1731 351 2100 411 sermonibus
2145 353 2246 411 uel
2290 371 2401 412 ue-

358 461 512 501 neno
563 433 667 521 (P'
677 442 793 513 boc

538 541 656 609 89.
737 546 935 606 *Cum
1007 566 1189 606 uerax
1262 539 1386 629 (ν)]
1477 548 1628 606 Mire
1705 543 1971 622 ‘uerax',
2043 565 2186 606 nam
2257 547 2404 606 ideo

361 631 602 696 ‘Liber'
651 629 754 719 (Γ
764 638 845 710 bf

287 754 320 803 5
537 736 659 804 91.
716 744 942 803 Infesto
987 745 1177 821 nigris
1216 734 1340 825 (ν)]
1423 743 1578 817 Tibi,
1626 745 1731 819 qui
1774 743 2029 802 infestus
2076 761 2137 802 es
2185 745 2404 820 nigriS,

357 834 514 892 idest
547 834 725 892 malis
760 833 1116 906 hominibus,
1151 832 1249 892 hic
1285 832 1526 891 uidetur
1560 831 1823 891 urbanus
1861 834 1924 890 et
1958 833 2142 891 comis
2182 823 2287 913 (Γ
2296 832 2333 890 b
2349 833 2408 892 V

358 940 509 981 cons.
546 923 759 995 Porph.

538 1020 843 1087 91-92.
891 1026 1078 1105 §Ego
1117 1030 1169 1086 si
1204 1029 1330 1101 risi,
1374 1027 1534 1103 quod
1566 1029 1806 1102 ineptus
1843 1047 1900 1102 p.
1938 1026 2011 1086 R.
2048 1021 2190 1106 (o.)
2229 1025 2296 1086 Gr.
2336 1027 2401 1086 h.

362 1110 419 1200 (c
429 1111 515 1200 ζ)]
610 1111 994 1196 [Responsio]
1049 1117 1205 1176 idest
1258 1134 1434 1191 saepe
1478 1118 1545 1174 in
1589 1117 1868 1175 conuiuio
1913 1116 2082 1176 uides
2128 1116 2402 1191 aliquem

255 1217 323 1266 10
362 1209 432 1267 de
488 1205 760 1266 omnibus
809 1207 967 1265 male
1011 1205 1380 1281 loquentem,
1446 1207 1689 1280 excepto
1737 1224 1833 1280 eo,
1898 1208 2006 1280 qui
2047 1207 2272 1281 pascit,
2337 1207 2403 1265 et

361 1296 699 1356 delectaris:
758 1314 866 1372 ego
913 1297 967 1354 si
1010 1297 1224 1353 merito
1271 1295 1533 1370 aliquem
1579 1296 2027 1370 uituperauero,
2080 1295 2402 1370 reprehen-

361 1383 494 1445 ὢν
542 1377 690 1473 (rb
705 1383 827 1455 Vct

539 1483 657 1551 93.
742 1486 1047 1569 Siqu<a>e
1121 1482 1244 1572 (ν)]
1353 1489 1471 1548 Pro
1543 1491 1744 1565 siqua,
1818 1492 1889 1548 ut
1961 1488 2111 1548 alibi
2185 1481 2399 1571 (carm.

360 1579 455 1638 111
496 1582 595 1655 14,
638 1585 666 1639 1
682 1582 736 1639 9.
779 1571 921 1661 20):
2027 1580 2052 1611 x

257 1721 325 1770 15
685 1702 1041 1779 Spartacum
1086 1704 1260 1778 siqua
1303 1704 1506 1778 potuit
1549 1705 1875 1780 uagantem

682 1793 916 1851 Fallere
960 1794 1118 1851 testa
1166 1783 1270 1873 (Γ
1280 1791 1385 1851 bV

541 1929 662 1996 94.
745 1933 784 2012 ἓ
803 1929 1162 2013 Peffill<i>us
1209 1952 1343 1993 cum
1390 1932 1690 2008 Capitolio
1733 1936 2062 2009 praeesset,
2117 1952 2404 1993 coronam

361 2028 581 2102 rapuit.
664 2025 776 2085 Est
820 2028 1022 2084 autem
1068 2025 1369 2102 genitiuus
1417 2018 1514 2081 ‘de
1557 2024 1736 2082 furffis
1778 2021 1989 2082 Petilli
2026 2020 2405 2098 Capitolini'.

364 2116 523 2174 Nam
578 2132 650 2172 ex
704 2116 950 2174 crimine
998 2112 1373 2188 Capitolinus
1420 2111 1694 2171 Petillius
1749 2112 2072 2171 dicebatur.
2166 2111 2286 2173 Hic
2333 2114 2406 2173 de

259 2219 328 2269 20
365 2204 768 2279 expoliatione
807 2201 1094 2277 Capitolii
1139 2203 1468 2275 accusatus,
1515 2200 1778 2275 dubium,
1823 2203 2028 2259 utrum
2073 2204 2278 2279 gratia
2313 2204 2405 2261 iu-

366 2294 566 2353 dicum
610 2294 691 2351 sit
737 2291 1061 2365 absolutus,
1104 2291 1309 2348 tamen
1356 2288 1730 2366 Capitolinus
1776 2292 2028 2349 uocatur
2074 2281 2180 2369 (P‘
2188 2291 2275 2363 bf
2286 2293 2412 2363 ch

543 2381 820 2439 Petillius
866 2379 1009 2438 dum
1047 2377 1335 2454 Capitolii
1379 2397 1584 2438 curam
1619 2380 1868 2455 gereret,
1913 2397 2165 2439 coronae
2204 2380 2405 2440 subla-

365 2472 467 2529 tae
521 2488 764 2530 causam
819 2469 972 2528 dixit
1025 2472 1085 2526 et
1141 2467 1214 2526 ab
1269 2467 1545 2545 Augusto
1601 2467 1909 2527 absolutus
1965 2470 2057 2527 est
2105 2460 2193 2550 (Γ
2201 2464 2221 2486 ’
2241 2470 2276 2527 b
2296 2472 2335 2543 f
2357 2471 2410 2529 V

368 2578 436 2619 ex
474 2560 690 2632 Porph.

259 2664 330 2712 25
544 2648 754 2725 Fingit
798 2666 859 2706 se
903 2647 1073 2721 loqui
1118 2665 1253 2705 cum
1303 2645 1586 2720 quodam,
1644 2647 1748 2720 qui
1794 2646 2020 2705 amicus
2067 2648 2148 2704 sit
2194 2646 2409 2706 Petilli

368 2739 548 2797 amici
595 2735 891 2810 CaesariS,
947 2737 1052 2811 qui
1097 2737 1434 2808 accusatus,
1482 2733 1641 2809 quod
1686 2751 1966 2793 coronam
2010 2734 2173 2794 Iouis
2224 2734 2407 2813 Capi·

365 2827 547 2885 tolini
589 2827 904 2901 rapuisset,
950 2824 1256 2884 absolutus
1303 2826 1396 2882 est
1441 2813 1544 2902 (P‘
1554 2823 1588 2880 b
1597 2824 1636 2896 f
1648 2823 1705 2881 V

548 2925 667 2992 99.
740 2931 1037 2991 Iudicium
1080 2930 1234 2989 illud
1281 2920 1404 3011 (ν)]
1486 2927 1651 2988 Haec
1697 2949 1830 2989 cum
1878 2929 2096 2989 dixeris
2109 2975 2124 3004 ‚
2171 2934 2408 3009 grauis·

369 3024 518 3082 simo
567 3042 703 3081 eum
747 3021 1142 3095 condempnas
1187 3019 1409 3078 iudicio
1458 3009 1563 3099 (F'
1571 3019 1654 3091 bf
1665 3019 1720 3077 V

549 3215 582 3263 5
621 3226 680 3263 es
719 3208 958 3262 infestus
996 3228 1028 3276 γ
1246 3212 1276 3258 6
1317 3204 1488 3276 idest]
1526 3203 1621 3258 uel
1656 3205 1689 3259 b
1903 3204 2095 3277 malis]
2133 3206 2406 3278 malignis

370 3282 572 3351 Porph.
806 3285 839 3333 8
887 3279 1039 3348 quod
1078 3310 1145 3318 --
1184 3277 1263 3347 h.]
1313 3293 1414 3331 om.
1444 3292 1473 3329 c
1688 3281 1719 3329 9
1765 3276 2078 3348 responsio]
2127 3294 2232 3334 om.
2271 3282 2343 3345 οζ

370 3354 561 3422 (saepe
596 3353 645 3422 ζ)
846 3355 912 3404 10
950 3350 1039 3421 eo]
1078 3366 1179 3404 om.
1209 3352 1278 3412 οζ
1469 3352 1534 3399 17
1573 3347 1804 3416 petillus
1840 3349 1909 3411 σζ
1933 3364 2033 3403 om.
2063 3355 2179 3403 cett.
2349 3350 2409 3403 in

371 3423 640 3493 capitolio
677 3426 827 3478 esset
861 3424 930 3487 οζ
1115 3425 1180 3474 18
1216 3417 1426 3489 petilli]
1466 3434 1565 3473 om.
1597 3420 1674 3484 bf
1808 3418 2106 3487 capitolini
2143 3421 2409 3490 (capitol-

368 3493 474 3547 lini
501 3498 550 3563 c)
586 3495 773 3570 petilli
801 3496 868 3559 οξ
1012 3497 1076 3545 19
1106 3490 1338 3560 petillus
1367 3490 1512 3554 ¹1·ch
1653 3494 1719 3543 21
1748 3490 2008 3561 uocatur]
2035 3491 2358 3547 uocabatur
2381 3509 2411 3547 c

371 3565 666 3619 dicebatur
702 3568 732 3630 ζ
873 3568 940 3617 28
978 3563 1086 3616 hoc
1122 3564 1153 3616 b
1299 3566 1365 3614 29
1407 3561 1744 3614 condemnas
1781 3578 1813 3614 r
