2602 4013
897 208 1118 265 EPIST.
1148 210 1174 262 I
1205 216 1286 264 19.
1319 215 1387 263 20
2027 212 2157 277 275

156 373 356 435 mido':
401 378 586 437 timeo
633 395 756 438 esse
802 378 1147 438 fastidiosus
1194 382 1256 438 et
1300 381 1688 454 contemptor,
1734 380 1835 439 sed
1878 380 2156 440 honestas

159 467 545 526 excusationes
593 486 833 542 quaero,
876 487 950 526 ne
994 468 1239 526 recitem
1286 459 1374 548 (Γ
1383 463 1400 484 ’
1419 490 1457 526 α
1477 469 1510 527 b
1527 469 1567 540 f
1588 469 1643 526 V

310 546 402 614 47
410 597 432 616 .
505 555 750 615 Diludia
814 556 1092 615 dicuntur
1152 560 1448 632 tempora,
1514 575 1664 631 quae
1725 557 2155 633 gladiatoribus

159 645 539 703 conceduntur
574 647 732 704 inter
767 645 891 705 dies
927 665 1257 720 munerum,
1294 647 1508 720 quibus
1544 649 1820 723 pugnant
1848 639 1951 727 (Γ
1963 648 2092 719 abs
2107 647 2165 706 V

311 727 624 812 [Spacium
689 735 846 793 6111111
910 733 1092 793 dandi
1155 734 1419 792 carmina
1483 735 1671 794 clamo
1735 738 1796 793 et
1858 736 2155 794 intermis-
2230 746 2261 795 ὅ

160 822 365 892 sionem
407 823 508 881 uel
555 822 903 882 dilationem
948 822 1226 881 ludorum
1271 841 1537 899 exposce,
1584 826 1644 882 et
1679 823 1987 902 subiungit
2021 842 2156 883 cau·

160 927 297 985 sam,
343 931 448 970 cur
487 912 754 989 postulet
798 911 1045 986 diludia,
1093 912 1375 987 quoniam
1419 912 1663 972 excludo
1710 904 1842 994 (leq.
1879 933 1949 972 ex
1985 905 2154 994 ludo)

155 999 284 1057 iram
317 992 445 1079 (leq.
456 993 580 1082 ira)
599 1020 671 1059 ex
690 993 822 1082 (leq
833 1020 904 1059 ex
930 995 1050 1082 ira)
1070 1001 1395 1059 inimicicia
1415 1004 1476 1059 et
1492 1002 1715 1061 bellum
1733 1004 2050 1079 generatur
2065 995 2093 1084 (
2106 1003 2164 1062 V

958 1374 1220 1443 EPIST„
1243 1377 1328 1434 20

316 1491 377 1558 1.
423 1498 554 1557 Hac
591 1500 845 1575 epistola
884 1500 1215 1574 alloquitur
1250 1498 1472 1557 librum
1511 1518 1683 1558 suum
1720 1500 2150 1575 metaphoricos
2191 1510 2258 1559 10

156 1589 308 1659 quasi
356 1607 481 1646 rem
527 1589 880 1662 animatam,
935 1587 1274 1665 significans
1320 1589 1493 1646 illum
1538 1589 1602 1646 in
1646 1587 1953 1664 publicum
1998 1589 2151 1647 uelle

154 1676 467 1751 procedere,
533 1695 593 1735 se
656 1695 797 1735 uero
860 1676 1188 1752 prohibere.
1293 1676 1410 1735 Sed
1473 1676 1649 1736 multi
1712 1677 2152 1752 reprehendunt

156 1763 320 1839 illum,
365 1784 550 1840 quare
594 1766 658 1823 in
706 1766 909 1824 ordine
956 1766 1211 1824 aliarum
1258 1765 1644 1841 epistolarum
1688 1766 1839 1824 hanc
1885 1768 2152 1841 posuerit

156 1854 206 1910 et
262 1872 370 1912 non
429 1854 494 1912 in
547 1854 662 1913 fine
719 1856 826 1912 aut
877 1856 941 1912 in
997 1857 1216 1930 capite,
1281 1873 1415 1913 cum
1469 1873 1659 1929 neque
1717 1854 1791 1912 ad
1846 1854 2149 1912 absentem

154 1960 319 2017 neque
371 1943 450 2001 ad
502 1943 802 2002 hominem
856 1943 1081 2020 scripta
1113 1943 1229 2003 sit.
1324 1942 1588 2012 Quorum
1637 1943 2012 2020 reprehensio
2057 1963 2146 2002 re·
2188 1952 2253 2001 15

155 2030 375 2108 futatur,
422 2035 563 2108 quia
607 2035 671 2091 in
717 2032 832 2091 fine
878 2033 1019 2091 libri
1063 2029 1266 2109 posuit
1309 2033 1496 2091 illam.
1580 2032 1945 2108 Principium
1991 2032 2149 2090 enim

158 2121 208 2177 et
245 2119 366 2180 finis
412 2123 584 2181 nulla
628 2122 691 2180 in
739 2122 1009 2181 omnibus
1054 2122 1223 2181 libris
1268 2122 1478 2199 regula
1523 2123 1860 2181 continetur
1908 2112 1996 2201 (Γ
2003 2122 2041 2193 f
2051 2142 2078 2180 ε
2100 2121 2156 2180 V

155 2210 262 2266 sim
295 2211 499 2284 Porph.

303 2299 442 2357 *Ad
515 2300 734 2358 librum
807 2317 984 2358 suum
1054 2300 1323 2374 loquitur
1385 2303 1694 2373 tamquam
1758 2299 1834 2357 ad
1896 2318 2148 2375 puerum

155 2389 533 2459 prostaturum
579 2382 682 2469 (P'
695 2380 876 2469 (yvb)
2184 2398 2254 2447 20

304 2477 664 2536 Vertumnus
721 2480 780 2536 et
825 2477 1004 2536 Ianus
1052 2477 1138 2535 dii
1184 2480 1349 2551 sunt,
1415 2477 1517 2552 qui
1561 2480 1847 2552 praesunt
1890 2477 2145 2554 negotiis

157 2567 446 2624 ementium
493 2569 553 2625 et
598 2566 999 2640 uendentium,
1048 2568 1185 2624 ante
1232 2585 1483 2641 quorum
1528 2566 1756 2642 templa
1792 2568 1963 2625 erant
1998 2567 2147 2642 loca,

156 2651 210 2707 in
266 2654 466 2728 quibus
530 2673 663 2713 cum
726 2655 935 2714 ceteris
1000 2654 1173 2714 rebus
1235 2657 1419 2714 etiam
1472 2654 1612 2712 libri
1666 2656 1904 2713 uenales
1959 2657 2144 2714 erant.

157 2737 254 2796 Per
291 2742 419 2803 deos
468 2746 667 2802 autem
712 2743 845 2802 loca
891 2743 1187 2820 significat
1233 2736 1554 2823 (FafEV
1581 2745 1708 2802 sm.
1747 2743 1955 2817 Porph.

306 2830 458 2892 Loca
504 2835 645 2891 sunt
688 2835 751 2890 in
797 2832 1047 2906 Rostris,
1093 2831 1196 2890 ubi
1243 2831 1399 2892 Sosii
1444 2833 1659 2892 fratres
1705 2831 1888 2891 libros
1929 2831 2144 2890 uende-
2182 2842 2250 2890 25

157 2914 297 2994 bant,
337 2924 401 2979 ut
447 2921 594 2979 alibi
641 2915 826 3003 (epist.
865 2921 895 2978 I
937 2925 991 2996 1,
1032 2923 1132 2979 54.
1173 2913 1312 3001 55):

973 3027 1137 3086 Haec
1182 3027 1365 3086 Ianus
1413 3046 1673 3086 summus
1720 3026 1794 3086 ab
1840 3028 1960 3085 imo

438 3116 730 3176 Prodocet
778 3108 1024 3197 (P'ocbf
1036 3117 1088 3175 V

309 3307 336 3354 2
371 3304 462 3374 116]
500 3305 567 3357 ut
605 3305 658 3358 V
829 3310 861 3356 4
899 3304 1045 3357 inter
1082 3304 1285 3374 Pabf]
1324 3304 1385 3356 in
1422 3304 1522 3359 vV
1668 3319 1722 3355 u.
1754 3300 1964 3353 49—H
1992 3306 2041 3367 2,
2074 3305 2140 3354 65

162 3366 467 3428 DEFIGIT
481 3376 593 3429 cod.
607 3375 747 3429 Hor.
761 3395 794 3429 ν
940 3381 1006 3429 12
1027 3391 1087 3428 se
1103 3391 1238 3428 uero
1257 3375 1354 3445 rf]
1377 3375 1475 3427 sed
1495 3390 1605 3445 sey
1616 3373 1680 3439 V,
1699 3389 1779 3427 eu.
1799 3391 1823 3426 ε
1970 3378 2035 3425 16
2055 3372 2138 3443 111]

163 3437 201 3517 ἒξ
231 3440 279 3493 in
310 3446 400 3513 yV
552 3451 618 3499 19
657 3446 820 3513 quasi
858 3447 888 3499 b
1049 3451 1114 3498 21
1156 3446 1310 3515 sunt]
1348 3445 1576 3498 fuerunt
1611 3465 1648 3497 α
1805 3448 1871 3496 22
1911 3446 2042 3496 ante
2072 3474 2140 3483 —

164 3512 403 3577 mgnifieat
436 3534 535 3571 om.
568 3537 604 3569 οι
750 3523 817 3571 23
855 3517 1028 3571 etiam
1055 3517 1192 3583 rfE
1217 3517 1445 3587 Porph]
1475 3533 1572 3571 om.
1605 3516 1703 3584 yV
1839 3520 1906 3569 25
1933 3514 2140 3569 uende-

164 3576 297 3655 bant]
331 3587 658 3643 deridebant
698 3589 750 3643 V
1666 3634 1671 3638 .

1717 3675 1819 3728 18⁴·
