2602 4013
382 195 513 260 362
1040 197 1283 253 SCHOL.
1307 197 1378 252 Γ’
1394 199 1447 254 V
1465 199 1544 252 IN
1579 198 1751 254 HOR.

378 367 575 443 prima
636 367 893 426 infantia.
958 368 1187 428 animos
1240 368 1673 444 Romanorum,
1737 368 2098 444 sperandum
2163 372 2257 429 est
2319 388 2431 429 eos

379 474 550 531 posse
595 455 849 515 scribere
888 458 1153 516 carmina
1188 457 1533 533 recipienda
1568 460 1633 516 in
1670 459 2092 518 auctoritatem
2105 456 2136 516 Ρ
2173 449 2287 539 (Γ’
2300 458 2440 531 Vct

558 554 725 623 332.
798 561 837 638 ξ
856 562 1126 631 Linenda
1172 582 1218 622 c.
1258 567 1320 623 et
1365 565 1404 625 1.
1442 582 1487 623 8.
1527 582 1574 624 c.
1614 556 1730 645 (c)]
1824 558 2160 625 Linenda'
2211 567 2432 625 autem

381 646 585 711 ‘cedro
632 654 693 710 et
737 653 859 710 leui
904 652 1196 712 seruanda
1241 649 1548 729 cupresso'
1598 653 1777 728 dixit,
1833 657 1903 713 ut
1946 654 2093 713 haec
2139 656 2433 715 carmina

307 752 340 800 5
377 742 437 799 ιιι
500 743 854 817 perpetuum
916 744 1198 802 maneant
1256 745 1452 803 unctis
1508 743 1573 800 in
1626 744 1880 802 circuitu
1935 743 2159 804 chartis
2220 743 2428 803 cedro.

377 828 647 906 Vtraque
708 831 867 888 enim
930 849 1025 890 res
1080 819 1257 890 odore
1314 850 1420 891 suo
1478 834 1814 891 summouet
1866 833 2059 892 tineas
2115 822 2241 912 (Γ’
2272 834 2382 892 Vc
2401 833 2438 905 ζ

374 919 502 978 sim.
539 919 753 992 Por-ph.

554 1024 746 1083 *Leui
790 1044 834 1084 S.
873 1020 950 1105 c.]
1042 1025 1206 1086 Idest
1249 1029 1509 1086 armario
1557 1027 1704 1086 bene
1751 1019 2240 1109 composito.(1‘''

556 1124 722 1192 333.
796 1132 1155 1193 *Delectant
1196 1133 1487 1209 bucolica,
1532 1137 1784 1210 prosunt
1828 1136 2106 1213 georgica
2155 1126 2266 1215 (Γ’

273 1250 339 1298 10
556 1230 720 1299 335.
767 1236 806 1313 ἓ
827 1238 1122 1315 Quicquid
1157 1261 1213 1316 p.
1253 1260 1303 1299 e.
1339 1240 1394 1299 b.
1426 1232 1541 1322 (c)]
1624 1239 1789 1300 Idest
1832 1242 2153 1316 praecepta
2193 1241 2427 1302 debent

374 1326 581 1386 breuia
626 1345 774 1401 esse,
832 1331 1000 1404 quia,
1057 1331 1110 1389 si
1153 1330 1333 1408 longa
1378 1331 1629 1404 fuerint,
1686 1348 1860 1389 aures
1909 1329 2193 1389 deficiunt
2243 1332 2426 1390 audi-

373 1420 587 1475 torum.
680 1416 1022 1493 Percipiant
1085 1437 1226 1496 ergo
1292 1421 1505 1493 animi,
1577 1421 1647 1477 ut
1711 1419 1929 1479 dociles
1993 1418 2171 1493 fiant,
2249 1423 2427 1496 quia,

376 1506 535 1580 quod
577 1507 841 1582 percipio
888 1509 948 1565 et
991 1508 1304 1585 intellege,
1352 1508 1525 1568 docet
1568 1527 1679 1567 me.
1772 1506 1954 1567 Item:
2012 1510 2139 1568 esto
2185 1509 2424 1584 breuia,

372 1595 528 1655 idest
572 1613 745 1654 serua
790 1597 1121 1656 necessaria
1169 1588 1274 1677 (Γ’
1298 1597 1421 1669 Ῡοζ

270 1712 336 1761 15
554 1693 719 1762 336.
768 1699 806 1777 ξ
828 1702 1208 1778 Teneantque
1248 1695 1384 1784 (om
1414 1696 1480 1786 v)
1516 1703 1719 1763 fideles
1759 1694 1957 1784 (νοζ)]
2023 1702 2110 1763 Vt
2147 1708 2422 1780 seruent,

376 1790 537 1866 quod
583 1792 901 1868 accipiunt,
947 1811 1021 1851 ne
1068 1791 1326 1866 effluat,
1340 1793 1499 1868 quod
1545 1792 1802 1857 audiunt
1848 1785 1954 1874 (Γ’
1975 1793 2098 1864 Vc?

553 1889 719 1958 337.
793 1895 832 1973 ξ
851 1898 1035 1958 Pleno
1085 1891 1301 1980 (Ῡσζ)]
1387 1899 1550 1959 Idest
1594 1899 1941 1961 fastidiente
1990 1891 2095 1980 (Γ’
2105 1900 2139 1957 b
2165 1901 2248 1958 Vc
2257 1900 2291 1972 ζ

552 2001 591 2080 ξ
612 2004 818 2065 Manat
865 1997 930 2087 (ν
944 1997 1109 2087 Ῡοζ)]
1193 2004 1358 2067 Idest
1403 2005 1620 2080 effluit3
1677 2009 1737 2067 et
1783 2010 1874 2067 est
1919 2026 2150 2067 sensus:
2194 2011 2419 2084 pectus

374 2095 557 2176 enim,
623 2095 782 2170 quod
842 2097 967 2155 iam
1029 2088 1324 2155 uarietate
1380 2097 1669 2156 satiatum
1723 2098 1784 2156 et
1836 2096 2080 2172 plenum
2136 2100 2256 2172 est,
2323 2118 2421 2173 ea,

268 2192 338 2243 20
379 2202 530 2259 quae
576 2202 943 2260 superuacua
989 2184 1263 2259 audierit,
1312 2204 1431 2244 non
1476 2186 1699 2244 retinet
1741 2176 1846 2267 (Γ’
1856 2184 1983 2256 ’Ῡοζ

553 2281 720 2351 339.
793 2289 942 2366 §Ne
990 2291 1380 2367 quodcunque
1426 2285 1661 2368 u.-p.'s.
1700 2292 1740 2350 f.
1780 2310 1826 2351 c.
1868 2283 1983 2373 (ζ]
2078 2290 2269 2352 Ordo:
2334 2314 2414 2353 ne

374 2379 785 2456 quodcumque
831 2380 981 2439 uelit
1026 2380 1142 2440 sibi
1186 2380 1348 2440 credi
1396 2380 1604 2441 fabula
1647 2383 1855 2456 poscat
1931 2375 2013 2439 Γ’
2027 2382 2152 2452 17οζ

551 2484 590 2561 ἓ
608 2485 840 2545 Fabula
886 2478 1041 2568 (V)]
1134 2487 1297 2547 Idest
1371 2487 1701 2562 comoedia,
1776 2488 1884 2546 aut
1959 2481 2232 2547 ‘fabula'
2299 2508 2414 2565 pro

376 2569 738 2650 poemata'
780 2577 1000 2651 posuit.
1106 2574 1269 2644 Quae
1335 2577 1653 2655 finguntur
1703 2579 1948 2654 propter
2010 2573 2415 2653 uoluptatem,

268 2675 335 2724 25
373 2665 496 2723 sint
539 2665 891 2725 uerisimilia
938 2656 1043 2745 (Γ’
1064 2664 1188 2736 17οζ

553 2762 717 2831 340.
803 2768 841 2846 ξ
861 2772 994 2830 Neu
1050 2764 1388 2850 prans<a>e
1443 2727 1610 2831 Lam.
1649 2763 1772 2852 (ν)]
1865 2771 2057 2831 Idest
2082 2791 2158 2831 ne
2212 2771 2413 2850 fingat

373 2860 495 2918 tale
553 2863 967 2939 argumentum
1012 2859 1244 2934 fabula,
1306 2860 1467 2936 quod
1512 2860 1829 2920 deuorauit
1873 2860 2087 2919 Lamia
2130 2880 2412 2939 puerum,

375 2951 480 3025 qui
550 2951 757 3025 postea
821 2948 892 3008 de
956 2950 1125 3008 utero
1191 2952 1316 3008 eius
1381 2950 1556 3009 uiuus
1620 2950 1892 3027 prolatus
1958 2952 2048 3009 est
2114 2941 2232 3031 (Γ’
2268 2950 2365 3010 Vc
2382 2951 2418 3023 ζ

373 3040 446 3111 cf.
482 3038 692 3121 Porph.

551 3231 582 3279 3
628 3225 858 3279 linenda
894 3226 1182 3279 autem—
1212 3226 1421 3298 cedro]
1459 3243 1561 3282 om.
1591 3231 1660 3291 οζ
1871 3232 1904 3280 8
1951 3225 2124 3298 idest]
2164 3244 2272 3283 om
2303 3249 2338 3286 ν,

376 3301 440 3350 16
488 3296 684 3351 effluat
722 3297 798 3367 Γ]
846 3295 1081 3350 effluant
1116 3317 1149 3350 ν
1163 3298 1237 3352 Vc
1282 3296 1534 3351 defluant
1569 3301 1600 3361 ζ
1811 3297 1963 3365 quod
2009 3302 2057 3351 Γ
2071 3299 2149 3370 V]
2199 3299 2339 3367 quia
2376 3320 2411 3353 v

372 3383 480 3436 que
516 3372 585 3432 οξ
727 3373 791 3421 19
828 3367 1107 3422 uarietate
1142 3368 1293 3440 edit]
1332 3369 1575 3423 ueritate
1604 3368 1814 3433 1⁷¹ch
1951 3369 2187 3437 plenum
2225 3373 2317 3425 est
2352 3373 2410 3425 et

372 3439 640 3493 satiatum
677 3460 710 3508 y
863 3439 953 3511 ea]
992 3455 1094 3494 om.
1122 3460 1155 3508 γ
1327 3446 1396 3494 23
1433 3439 1686 3494 fabulam
1724 3460 1758 3494 ν
1929 3445 1999 3493 24
2034 3444 2310 3510 poemata
2344 3447 2412 3507 οζ

371 3510 521 3580 edit]
558 3511 728 3578 poeta
764 3517 880 3565 cett.
1025 3511 1238 3582 posuit]
1276 3528 1377 3566 om.
1407 3516 1477 3576 οξ
1499 3512 1625 3566 edit.
1721 3516 1869 3565 27
1879 3511 2205 3585 denotauit]
2236 3514 2411 3570 deuo-

371 3579 584 3634 ranerit
618 3584 686 3643 οζ
709 3580 833 3634 edit.
982 3587 1049 3635 28
1088 3582 1196 3652 est]
1236 3582 1312 3635 sit
1346 3585 1416 3646 εξ
1921 3635 1929 3640 ,
1967 3625 1971 3629 .
