2602 4013
1043 224 1252 279 SERM.
1272 225 1299 278 Ι
1327 232 1361 279 6
2139 226 2221 290 79

183 411 321 451 saxo
387 393 952 469 praecipitabantur
1017 389 1082 473 [a
1135 394 1419 469 tribuniS,
1482 395 1641 454 undo
1696 397 1879 454 etiam
1933 395 2226 474 Iugmtha

183 481 448 540 traditur
494 476 788 560 deiectus]
838 474 1037 563 (P'bf
1035 483 1092 540 L
1106 484 1187 541 Vc
1196 484 1228 554 ζ

364 563 484 630 40.
552 570 639 630 At
673 572 907 630 Nouius
958 562 1081 653 (v)]
1165 572 1486 647 Subiectio,
1532 572 1689 631 idest
1735 592 1918 647 quare
1963 590 2083 631 non
2120 593 2221 649 ap-

182 662 387 736 petam
451 662 815 719 senatoriam
871 661 1255 738 dignitatem,
1322 681 1456 721 cum
1509 661 1761 720 habeam
1817 662 2107 739 collegam
2160 664 2226 720 in

184 748 393 807 ordine
442 750 708 824 equestri
751 748 1075 808 libertum?
1115 743 1218 832 (P'
1228 752 1261 808 b
1272 752 1311 822 f
1324 751 1378 809 V

364 836 603 906 *Quasi
647 839 1058 914 respondentis
1105 840 1288 899 uerba
1336 831 1439 920 (F'
1451 840 1606 911 bfcg
1632 839 1877 913 yloss.V

364 926 523 986 *Est
543 929 744 986 autem
763 929 1074 1003 ypophora
1092 948 1163 987 ex
1180 948 1434 1004 persona
1452 928 1564 986 filii
1582 927 1871 988 Dammae
1894 919 1998 1009 (P'
1999 929 2032 986 b
2043 929 2081 1000 f
2085 928 2161 1001 ql.
2178 929 2233 986 V

366 1015 574 1075 Gradu
646 1035 702 1092 p.
764 1037 841 1075 m.
891 1008 1016 1099 (ν)]
1142 1017 1322 1075 XIIII
1394 1017 1725 1092 ordinibus,
1799 1017 1957 1093 quod
2028 1018 2227 1075 fuerat

186 1100 569 1182 (equestris)
615 1105 928 1182 dignitatis
977 1098 1080 1187 (F'
1092 1107 1125 1163 b
1140 1107 1197 1165 V
1225 1124 1376 1165 cons,
1414 1107 1627 1180 Porph.

364 1185 488 1252 41.
538 1191 862 1269 §Namque
898 1197 937 1253 i.
970 1187 1082 1277 (c)]
1148 1193 1313 1255 Idest
1349 1214 1525 1271 eques
1553 1195 1856 1255 Romanus
1895 1198 2021 1255 siue
2056 1195 2224 1270 liber,

188 1283 264 1341 ad
309 1301 633 1358 personam
680 1302 849 1342 suam
894 1288 1073 1359 poeta
1122 1276 1272 1365 (F‘f
1286 1285 1408 1355 ch

363 1371 583 1447 *Ideo,
654 1372 767 1431 hac
838 1376 1087 1432 ratione.
1217 1374 1476 1432 Rursum
1549 1375 1975 1451 interrogantis
2048 1374 2222 1432 modo

187 1460 480 1541 Horatius
529 1452 799 1541 (P'bfcg

366 1542 491 1609 41.
540 1542 657 1609 42.
706 1548 893 1625 §Hoc
929 1551 1043 1609 tibi
1082 1542 1280 1631 (νσζ)]
1366 1551 1587 1611 Paulus
1627 1554 1688 1610 et
1716 1551 1973 1610 Messala
2011 1553 2225 1627 optimi

188 1639 436 1697 fuerunt
479 1639 643 1698 illius
689 1641 973 1715 temporis
1022 1641 1324 1714 aduocati,
1373 1643 1432 1699 et
1476 1640 1724 1714 Nouius,
1771 1641 2044 1716 quamuis
2092 1660 2225 1718 gar-

186 1728 379 1802 rulus,
445 1730 612 1787 uocis
676 1730 878 1787 tamen
938 1731 1136 1806 gratia
1189 1725 1462 1807 p<a>ene
1517 1731 1773 1788 exertius
1830 1748 2003 1806 agere
2060 1730 2224 1787 uide-

185 1816 368 1876 batur
426 1808 526 1897 (ατ
564 1810 826 1898 Porph.)
921 1817 1136 1877 Sensus
1193 1836 1334 1896 ergo
1390 1819 1487 1876 hic
1532 1821 1647 1877 est:
1711 1818 1844 1876 ideo
1890 1821 1958 1876 tu
2004 1818 2224 1877 uideris

183 1906 300 1964 tibi
366 1905 593 1965 Paulus
658 1909 719 1964 et
779 1906 1037 1966 Messala
1101 1926 1252 1982 esse,
1328 1910 1469 1982 quia
1527 1907 1790 1965 Nouium
1853 1925 1971 1964 uno
2036 1906 2225 1985 gradu

182 1992 538 2071 praecedis?
610 1994 764 2054 Aliis
809 1996 1009 2072 placet
1052 1996 1316 2055 Nouium
1361 2015 1711 2072 praeconem
1748 1997 1929 2056 fuisse
1967 1998 2028 2055 et
2063 1998 2225 2055 uocis

184 2087 405 2161 merito
471 2087 900 2160 patrimonium
964 2086 1317 2161 adquisisse,
1383 2089 1453 2145 ut
1515 2088 1596 2145 sit
1654 2104 1883 2145 sensus:
1947 2086 2057 2144 hoc
2111 2086 2226 2144 tibi

186 2193 328 2253 ergo
377 2173 602 2232 uideris
639 2174 895 2234 Messala
933 2178 994 2234 et
1029 2175 1269 2250 Paulus,
1317 2177 1458 2251 quia
1493 2193 1845 2251 praeconem
1880 2173 2226 2251 praecedis?

189 2245 552 2343 (1⁹vast

372 2344 491 2411 43.
541 2350 821 2430 §Magna
868 2372 949 2411 so.
981 2343 1094 2433 (c)]
1168 2351 1297 2411 Aut
1341 2372 1561 2430 magna
1607 2372 1827 2412 cornua
1865 2355 1973 2412 aut
2006 2372 2226 2430 magna

187 2442 423 2516 funera,
472 2443 579 2499 aut
623 2461 843 2518 magna
888 2442 1125 2501 sonabit
1168 2461 1277 2517 pro
1326 2443 1501 2501 ualde
1539 2442 1790 2517 sonabit,
1838 2444 1907 2500 ut
1932 2440 2225 2520 Virgilius

373 2688 402 2735 1
454 2697 588 2734 saxo
638 2680 707 2734 Γ’
740 2681 966 2754 Porph]
1018 2698 1151 2735 saxo
1199 2684 1390 2736 monte
1440 2684 1493 2736 V
1536 2684 1727 2736 monte
1774 2684 1805 2737 b
1816 2684 1941 2749 fc&
1997 2689 2227 2736 ceterum

190 2755 251 2807 in
288 2755 321 2808 b
359 2770 426 2807 ea
482 2770 595 2807 uox
650 2770 788 2822 quae
843 2760 970 2808 ante
1024 2755 1214 2807 monte
1265 2761 1383 2808 erat
1427 2756 1608 2808 excisa
1655 2760 1761 2820 est;
1815 2756 1878 2806 in
1914 2753 2055 2822 va
2098 2755 2228 2807 haec

192 2826 478 2895 leguntur.-
534 2822 776 2877 Cadmus
831 2824 942 2877 fuit
997 2824 1245 2879 carnifex
1300 2827 1469 2879 notae
1524 2827 1677 2894 (note
1727 2827 1781 2894 v)
1830 2824 2223 2879 crudelitatis·

191 2895 451 2949 damnati
498 2895 815 2964 (dampnati
851 2898 904 2965 y)
952 2898 1143 2950 autem
1191 2896 1260 2951 de
1306 2896 1524 2965 tarpeio
1572 2913 1703 2949 saxo
1740 2896 2229 2965 precipitabantur

192 2970 307 3038 (ᾗσι
348 2968 483 3036 vL).
560 2966 743 3022 Aliter
779 2969 900 3036 (om.
932 2969 1050 3036 yL)
1090 2966 1346 3020 damnati
1384 2968 1699 3037 (dampnati
1736 2970 1788 3037 y)
1829 2969 2017 3021 autem
2055 2984 2089 3021 a
2126 2968 2225 3020 tri-

188 3038 356 3092 bunis
412 3038 486 3092 de
532 3038 753 3106 tarpeio
799 3042 991 3092 monte
1035 3038 1463 3108 pcipitabantur
1508 3041 1684 3108 (pi-ec:
1731 3042 1785 3109 v)
1817 3070 1826 3078 -
1856 3039 2008 3092 unde
2054 3038 2228 3093 etiam

190 3109 462 3180 iugurtha
498 3110 751 3179 (iugurta
789 3111 904 3178 vL)
942 3109 1188 3163 traditur
1225 3110 1476 3176 deiectus
1505 3112 1644 3179 va
1790 3125 1823 3161 a
1855 3142 1917 3149 —
1951 3109 2225 3180 deiectus]

193 3199 292 3235 om.
322 3186 392 3245 εζ
572 3197 606 3234 a
634 3180 876 3234 tribunis
905 3198 1004 3235 om.
1022 3183 1076 3236 V
1238 3187 1268 3234 3
1299 3181 1573 3236 subiectio
1605 3213 1671 3221 —
1699 3180 1963 3251 habeam]
1996 3197 2094 3234 om.
2112 3181 2165 3233 V

196 3259 227 3305 6
246 3252 421 3307 uerba
442 3256 576 3305 sunt
594 3257 664 3316 οζ
797 3258 825 3303 ’7
847 3252 951 3305 filii
971 3252 1194 3323 damae]
1217 3252 1420 3306 damne
1435 3255 1488 3308 V
1507 3254 1621 3321 syri
1641 3254 1672 3307 b
1693 3252 1791 3306 siri
1807 3254 1844 3319 f
1965 3257 1997 3305 8
2017 3250 2225 3322 fuerat]

196 3328 316 3377 erat
353 3324 384 3378 b
588 3329 653 3376 11
692 3324 886 3394 poeta]
922 3324 1146 3377 rettulit
1182 3326 1352 3393 poeta
1389 3325 1515 3379 edit.
1718 3330 1783 3378 16
1821 3339 1964 3391 pene
2002 3325 2226 3391 (poene)

196 3397 345 3450 codd.
380 3394 559 3449 Paulo
598 3394 746 3460 edit„
781 3394 952 3464 paulo
991 3396 1217 3450 editores
1253 3396 1656 3466 Porphyrionis
1872 3394 2112 3448 exertius
2151 3414 2227 3461 yv

198 3466 421 3537 Porph]
443 3466 697 3520 exercius
711 3467 762 3519 L
793 3465 1037 3537 exslslius
1058 3468 1089 3521 b
1109 3468 1386 3520 exercitus
1405 3486 1436 3520 r
1450 3469 1563 3530 Vel:
1703 3471 1767 3518 21
1791 3467 1869 3536 et]
1895 3468 1993 3518 aut
2011 3465 2166 3518 vLV

198 3543 260 3590 23
307 3554 518 3592 cornua
555 3568 626 3576 —
663 3539 894 3607 magna]
933 3554 1031 3592 om.
1063 3554 1091 3591 c
1101 3542 1131 3602 ζ
1357 3545 1424 3591 24
1470 3554 1570 3607 pro
1615 3536 1785 3589 ualde
1832 3536 2079 3608 sonabit]
2125 3553 2228 3604 pro

196 3625 395 3679 magne
431 3611 552 3677 Ῑσζ,
591 3625 693 3662 om.
722 3626 754 3662 r
789 3611 936 3675 defle.
969 3609 1000 3662 b

2298 759 2330 808 5

2265 1208 2331 1255 10

2266 1652 2329 1701 15

2264 2098 2331 2145 20
