2602 4013
748 1151 1566 1234 EPISTVLARVM
1611 1152 1957 1234 LIBER
2003 1152 2113 1234 II.

1265 1349 1512 1409 EPIST.
1555 1354 1586 1409 1

601 1483 665 1552 l.
716 1491 992 1570 Augusto
1037 1492 1284 1568 petenti,
1329 1496 1399 1552 ut
1445 1492 1676 1569 aliq-uid
1723 1493 1839 1551 sibi
1885 1495 2079 1567 operis
2126 1492 2437 1566 dedicaret,

416 1579 622 1639 scribit
652 1580 938 1640 Horatius
983 1581 1117 1640 ideo
1155 1599 1216 1640 se
1250 1582 1369 1640 huc
1406 1599 1592 1657 usque
1628 1600 1749 1640 non
1776 1582 2001 1655 fecisse,
2047 1601 2123 1641 ne
2151 1583 2439 1641 iacturam

346 1680 378 1728 5
414 1669 502 1727 rei
545 1668 819 1745 publicae
857 1671 1095 1745 faceret,
1142 1671 1194 1728 si
1230 1670 1499 1730 uersibus
1538 1672 1659 1730 suis
1693 1669 2003 1729 Caesarem
2043 1690 2078 1729 a
2114 1689 2180 1729 re
2206 1670 2440 1747 publica

416 1761 736 1819 semcaret.
828 1759 1056 1817 Deinde
1109 1759 1405 1833 paulatim
1451 1759 1528 1818 ad
1570 1760 1683 1818 hoc
1729 1759 2059 1834 descendit,
2120 1763 2193 1818 ut
2239 1759 2313 1818 de
2356 1760 2437 1816 iu-

415 1846 569 1906 dicio
633 1848 917 1923 temporis
978 1851 1284 1925 queratur,
1351 1867 1467 1924 quo
1526 1851 1802 1924 antiquos
1860 1851 2070 1923 poetas
2127 1848 2437 1907 laudamus

413 1937 625 1995 merito
671 1936 1016 2011 uetustatiS‚
1072 1954 1257 1997 nouos
1305 1937 1762 2012 contemnimus,
1813 1939 1995 1996 etiam
2042 1937 2094 1996 si
2141 1937 2435 1997 ueteribus

413 2028 644 2100 possint
690 2045 813 2085 esse
859 2027 1131 2085 meliores
1179 2019 1397 2108 (I’ocbf
1410 2027 1464 2086 V

311 2125 378 2173 10
590 2115 738 2173 Mire
804 2109 1057 2190 ‘solus'3
1132 2119 1380 2191 apparet
1446 2117 1606 2175 enim
1669 2115 1901 2175 deuicto
1966 2116 2091 2174 iam
2153 2115 2437 2190 Antonio,

415 2207 649 2261 mortuo
695 2202 939 2279 Lepido,
987 2205 1089 2279 qui
1133 2204 1437 2262 triumuiri
1481 2224 1619 2264 cum
1662 2204 1939 2282 Augusto
1987 2205 2244 2281 fuerant,
2290 2206 2435 2263 hanc

416 2292 730 2367 epistolam
778 2293 853 2351 ad
900 2291 1207 2352 Caesarem
1257 2293 1543 2369 scriptam
1589 2286 1809 2374 (Fabf
1823 2295 1878 2352 V

598 2372 661 2441 2.
710 2380 1014 2440 *Moribus
1061 2383 1201 2456 suis,
1250 2384 1357 2440 aut
1395 2402 1540 2457 quos
1579 2383 1807 2441 ciuibus
1844 2400 1953 2458 pro
1992 2384 2127 2461 lege
2166 2382 2441 2459 inposuit,

418 2467 519 2525 sed
563 2470 778 2528 melius
825 2471 945 2529 suis
994 2465 1212 2551 (Pabf

315 2568 382 2617 15
483 2633 500 2638 .,
603 2551 667 2618 ὅ.
717 2557 962 2618 Sensus:
1000 2560 1158 2618 tanti
1192 2559 1332 2634 uiri,
1369 2560 1524 2618 idest
1562 2579 1708 2636 quos
1747 2560 2113 2619 consecratio
2149 2560 2440 2631 manebat,

421 2634 713 2703 inuidiam
747 2647 916 2706 inter
962 2666 1098 2707 suos
1143 2649 1308 2725 passi
1353 2652 1512 2723 sunt,
1560 2650 1785 2724 quanto
1831 2651 1901 2707 tu
1945 2651 2258 2725 maiorem,
2311 2667 2439 2707 cum

420 2735 719 2810 praesenti
764 2736 875 2795 tibi
921 2737 1211 2814 largimur
1253 2739 1507 2797 honores
1555 2729 1693 2818 (Γα
1713 2739 1745 2796 b
1769 2737 1826 2798 V

600 2823 872 2884 Laudata
926 2826 1152 2884 uirtute
1200 2823 1467 2885 Caesaris
1524 2826 1670 2885 dicit
1716 2827 1771 2884 ei
1817 2826 1931 2886 soli
1977 2825 2320 2904 contigisse,
2372 2827 2442 2882 ut

422 2912 712 2971 inuidiam
756 2916 934 2973 uiuus
981 2916 1258 2974 uinceret.
1352 2915 1434 2973 Et
1479 2918 1570 2974 est
1617 2914 1786 2974 ordo:
1833 2915 2122 2975 Romulus
2172 2918 2230 2974 et
2272 2913 2442 2972 Liber

314 3014 384 3061 20
423 3001 629 3077 Pater,
694 3003 834 3061 dum
896 3007 1087 3063 terras
1150 3005 1574 3078 hominumque
1640 3023 1823 3081 genus
1882 3005 2085 3063 colunt
2141 3008 2202 3063 et
2255 3006 2443 3063 cetera

597 3248 631 3295 4
669 3244 887 3315 scribit]
926 3244 1152 3313 scripsit
1189 3244 1242 3297 V
1395 3243 1546 3315 ideo]
1587 3244 1647 3298 id
1684 3244 1813 3299 ideo
1852 3245 2041 3315 Pauly
2222 3250 2253 3298 6
2291 3259 2443 3297 seno-

420 3316 576 3367 caret
610 3332 688 3368 roc
703 3316 778 3386 V]
818 3318 1106 3369 reuocaret
1143 3315 1263 3383 ybs*
1401 3315 1603 3370 deinde
1641 3316 1777 3385 paul
1790 3316 1827 3387 ε]
1866 3315 2153 3369 Paulatim
2190 3318 2373 3369 autem
2406 3314 2438 3367 b

420 3384 705 3439 Paulatim
745 3388 798 3441 V
983 3391 1015 3440 8
1053 3386 1460 3440 contemnimus
1497 3405 1528 3442 r
1548 3403 1638 3456 pr.
1669 3387 1725 3469 γ]
1766 3388 2215 3457 contempnimus
2251 3405 2282 3442 r
2306 3402 2439 3441 corr.

421 3456 548 3522 oebf
561 3457 614 3510 V
754 3463 816 3510 15
856 3456 1004 3511 idest
1041 3473 1179 3525 quos
1218 3457 1320 3527 K]
1359 3457 1582 3526 iniquos
1623 3459 1676 3513 V
1703 3476 1763 3511 1n
1800 3474 1939 3526 quos
1976 3464 2091 3512 cett.
2242 3463 2305 3511 16
2331 3471 2444 3509 ma-

423 3526 600 3579 iorem
619 3527 719 3598 K]
750 3528 987 3583 maiores
1015 3528 1167 3583 codd.
1192 3529 1449 3583 Hauthal
1593 3533 1658 3583 19
1686 3530 1853 3583 uiuus
1874 3560 1942 3571 -
1962 3528 2205 3600 faciunt]
2235 3546 2330 3584 om.
2346 3545 2376 3582 r

421 3597 701 3667 uinceret]
739 3599 1024 3652 euinceret
1062 3618 1086 3652 ε
1232 3602 1289 3653 et
1328 3602 1413 3652 est
1450 3600 1609 3670 ordo]
1650 3617 1748 3655 om.
1781 3619 1807 3654 ε
