2602 4013
313 189 444 243 xlv
1119 165 1535 240 PRAEFATIO

312 358 568 431 scriptus
612 350 742 415 est.'
817 356 978 434 Ergo
1026 359 1167 415 sunt
1211 358 1316 431 qui
1362 354 1728 414 arbitrentur
1752 340 1842 433 &t
1876 330 2403 433 Porphyrionemss

310 447 401 503 ita
456 447 638 503 etiam
694 445 1221 504 commentatorem
1274 444 1463 520 ipsius
1518 444 1757 503 Helenii
1811 443 2061 503 Acronis
2123 444 2348 502 librum

311 537 450 592 ante
511 533 708 594 oculos
763 533 1056 593 habuisse.
1150 533 1266 592 Sed
1321 532 1463 591 falsi
1516 537 1669 593 sunt.
1760 532 1949 592 Immo
2006 534 2162 591 sicut
2216 552 2347 608 per-

312 622 517 683 multis
565 623 700 682 aliis
745 623 910 697 locis,
953 624 1042 680 ita
1088 624 1272 680 etiam
1316 622 1415 681 hic
1459 621 1612 680 nihil
1649 621 1819 680 aliud
1854 621 1997 680 fecit
2036 619 2348 697 OruquiuS‚

310 713 428 772 nisi
482 713 553 769 ut
603 711 1030 787 Porphyrionis
1088 711 1536 769 adnotationem
1589 712 1655 769 in
1718 712 2197 770 commentatoris
2253 712 2348 768 sui

311 819 485 860 usum
539 802 924 859 conuerteret.
1018 799 1215 858 Simili
1268 800 1445 859 modo
1502 802 1566 858 in
1612 800 1791 860 schol.
1837 820 1893 858 u.
1944 801 2026 857 48
2076 817 2146 857 ea
2194 817 2346 874 quae

313 889 642 966 Porphyrio
674 907 741 947 ex
768 888 1057 948 Varronis
1093 890 1334 966 uirgula
1371 888 1578 948 diuina
1616 888 1824 947 attulit
1858 890 2017 946 inter
2053 906 2346 947 commen-

311 981 526 1037 tatoris
573 979 663 1036 sui
707 977 888 1036 uerba
923 978 1267 1053 interpolat,
1316 978 1416 1037 sed
1452 979 1560 1052 ita,
1607 979 1675 1035 ut
1711 977 2017 1054 complura
2054 976 2346 1035 uocabula

312 1069 632 1125 immutata
701 1067 1054 1140 reddantur,
1126 1067 1188 1124 id
1258 1066 1420 1141 quod
1481 1068 1545 1124 in
1610 1067 1787 1126 schol.
1845 1087 1899 1124 u.
1961 1067 2041 1124 25
2110 1085 2349 1141 quoque

312 1156 590 1230 uidimus,
626 1155 730 1213 ubi
764 1173 873 1231 pro
911 1155 1179 1225 codicum
1206 1154 1785 1231 Porphyrioneorum
1822 1157 2118 1232 scriptura
2148 1150 2347 1214 ‘Pom-

312 1240 431 1318 pei'
485 1242 779 1318 Cruquius
834 1245 1161 1303 inculcauit
1204 1244 1467 1303 Fabricii
1516 1244 1916 1304 coniecturam
1963 1240 2344 1320 ‘Pomponii'.

488 1333 701 1408 Itaque
757 1335 1236 1393 commentatoris
1291 1335 1467 1393 istius
1520 1333 1787 1409 undique
1833 1335 2229 1394 consarcinati
2275 1352 2345 1391 ac

311 1423 488 1480 nimis
552 1423 903 1497 interpolati
964 1439 1259 1497 nusquam
1323 1422 1508 1480 habui
1568 1416 1863 1482 rationem
1926 1424 2168 1498 excepto
2223 1440 2341 1481 uno

311 1511 440 1569 loco
487 1512 815 1569 miserrime
862 1514 1137 1586 corrupto
1176 1530 1348 1570 serm.
1386 1511 1448 1568 Π
1489 1512 1545 1585 5,
1588 1514 1688 1585 11,
1735 1530 2100 1587 quamquam
2138 1530 2210 1569 ne
2246 1511 2343 1569 hic

315 1599 555 1674 quidem
603 1600 773 1659 illinc
817 1598 989 1658 nobis
1036 1600 1137 1658 lux
1184 1600 1467 1659 adfertur.

488 1686 683 1746 Simili
730 1688 802 1746 de
849 1706 1028 1747 causa
1073 1689 1426 1748 exclusimus
1474 1707 1544 1748 ex
1588 1691 1884 1764 apparatu
1931 1689 2154 1747 scholia
2194 1688 2341 1745 Vin-

311 1776 670 1836 dobonensia
734 1777 811 1835 ad
866 1781 1055 1836 artem
1113 1779 1412 1852 poeticam
1465 1779 1854 1853 pertinentia,
1920 1794 2070 1852 quae
2132 1776 2342 1835 Karoli

311 1866 516 1942 Magni
551 1866 918 1941 temporibus
954 1865 1028 1924 ab
1062 1866 1318 1925 Alcuino
1355 1867 1622 1942 profecta
1658 1866 1811 1924 nihil
1849 1865 2013 1924 aliud
2049 1868 2188 1923 sunt
2223 1866 2342 1922 nisi

310 1955 690 2031 paraphrasis
755 1956 933 2015 schol.
997 1957 1065 2031 Γ,
1130 1956 1200 2016 cf.
1269 1974 1422 2032 quae
1478 1955 1550 2015 de
1606 1955 2023 2015 Zechmeisteri
2083 1954 2342 2013 editione

313 2043 716 2103 demonstraui
749 2046 814 2103 in
844 2046 1123 2105 Zeitschr.
1153 2046 1193 2104 f.
1224 2045 1277 2103 d.
1310 2049 1514 2104 osterr.
1546 2044 1756 2120 Gymn.
1791 2047 1958 2104 1877
1993 2066 2048 2122 p.
2072 2045 2341 2119 516sqq.

488 2131 578 2191 De
652 2136 1111 2193 commentatore
1182 2134 1290 2193 illo
1363 2132 1702 2210 Oruquiano
1774 2135 1964 2193 fusius
2038 2134 2341 2209 disputare

310 2223 622 2296 proposuit
667 2221 782 2280 sibi
825 2222 1108 2298 Iosephus
1153 2223 1333 2297 Endt,
1378 2223 1524 2299 phil.
1562 2222 1769 2282 doctor
1804 2222 2137 2300 Pragensis,
2182 2241 2339 2280 nunc

311 2311 610 2386 gymnasii
674 2309 1109 2371 Smichovensis
1173 2312 1497 2386 professor,
1562 2313 1666 2386 qui
1728 2330 1822 2370 me
1885 2310 2216 2369 liberaliter
2276 2312 2340 2367 in

310 2399 571 2476 plagulis
619 2398 853 2458 adiuuit
899 2400 1274 2478 corrigendis.
1349 2400 1644 2475 Equidem
1690 2419 1824 2459 cum
1871 2400 2005 2457 aliis
2047 2398 2119 2458 de
2164 2398 2337 2456 rebus

311 2493 440 2546 tum
496 2487 566 2546 de
621 2487 767 2547 locis
816 2488 1048 2563 aliquot
1092 2488 1286 2548 dubiis
1343 2489 1607 2547 animum
1660 2488 1867 2546 induxi
1930 2488 2212 2547 disserere
2274 2488 2338 2544 in

311 2576 643 2636 studiorum
705 2577 1255 2637 Vindobonensium
1330 2579 1473 2637 anni
1544 2579 1714 2636 1904
1778 2577 2061 2636 fasciculo
2126 2578 2335 2651 prim0.

314 2658 684 2725 Scholiorum
747 2669 836 2741 λφ
905 2666 1227 2726 editionem
1291 2667 1366 2725 ab
1430 2666 1693 2725 Holdero
1756 2686 1888 2725 meo
1951 2667 2154 2741 parari
2215 2666 2338 2722 iam

312 2771 494 2830 supra
539 2754 813 2814 diximus.

487 2843 757 2919 Denique
802 2845 877 2903 iis
924 2844 1272 2919 omnibus,
1323 2846 1443 2920 qui
1487 2847 1551 2901 in
1598 2842 1956 2903 conficiendo
2002 2842 2115 2900 hoc
2163 2860 2337 2918 opere

313 2932 558 3007 aliquo
613 2932 823 2991 modo
887 2952 989 2991 me
1055 2932 1516 3007 adiuuerunt,
1580 2935 1800 2991 iterum
1861 2932 1959 2990 hic
2023 2950 2092 2989 ex
2154 2930 2338 2989 animi

311 3022 608 3079 sententia
652 3023 877 3097 gratias
926 3040 1037 3099 ago
1085 3039 1265 3096 quam
1311 3024 1615 3080 maximas

488 3162 733 3239 Pragae,
779 3163 966 3222 Nonis
1013 3163 1432 3223 Decembribus
1479 3161 1745 3221 MGMIII
1799 3252 1847 3311 O
1911 3252 1965 3309 K
2018 3252 2074 3309 ll
2107 3250 2113 3258 ἱ

1854 3299 1866 3312 .
1977 3270 2007 3310 e
2085 3269 2157 3308 er
