2602 4013
421 202 547 265 144
1074 201 1318 256 SCHOL.
1342 202 1578 256 P‘VIN
1614 201 1782 256 HOR.

593 370 950 429 *Terentius
999 362 1257 451 (Phorm
1297 371 1353 427 V
1384 372 1442 445 8,
1482 372 1582 429 28.
1627 372 1707 430 29
1749 396 1833 419 =
1874 372 2019 429 921.
2063 363 2252 451 922):

737 457 853 517 Sed
897 460 1090 518 transi
1135 460 1304 518 sodes
1352 460 1429 518 ad
1473 461 1669 518 forum
1716 464 1899 536 atque
1945 460 2098 519 illud
2143 461 2299 518 mihi

734 547 1070 625 Argentum
1115 565 1354 607 rursum
1400 548 1536 608 iube
1582 549 1844 624 rescribi,
1891 547 2187 624 PhormiO,

412 654 523 714 hoc
570 658 661 714 est
705 654 874 713 reddi
919 674 1025 731 per
1072 657 1429 731 scripturam
1476 647 1583 736 (P'

344 757 375 804 5
597 736 710 804 75.
795 741 833 818 ξ
852 743 1002 802 Mihi
1068 744 1264 817 crede,
1329 745 1709 821 Damasippe.
1802 744 2014 804 Adhuc
2068 744 2252 804 uerba
2310 748 2461 804 sunt

417 831 705 891 Stertinii.
817 831 1073 901 Quidam
1133 829 1313 909 (cone.
1351 826 1594 914 Porph.)
1652 833 1858 893 dicunt
1909 833 2092 893 istum
2145 851 2274 893 esse
2332 834 2459 892 Ne-

412 922 569 981 rium
614 920 964 996 Perellium3
1012 921 1118 979 alii
1165 922 1372 981 dicunt
1418 923 1606 981 alium
1653 940 1777 981 esse
1824 922 2176 981 creditorem
2206 914 2314 1003 (P'
2327 924 2466 995 17οζ

592 1009 630 1084 ξ
651 1009 938 1070 Perellius
992 1010 1256 1070 famosus
1306 1012 1472 1071 illius
1519 1012 1804 1088 temporis
1850 1013 2150 1070 fenerator
2198 1003 2307 1091 (P‘
2329 1012 2464 1084 Vc?

597 1093 710 1159 77.
781 1098 1050 1157 *Audire
1096 1091 1296 1180 (νοζ)]
1383 1100 1498 1159 Hic
1544 1101 1810 1159 ostendit
1854 1100 2037 1160 etiam
2081 1101 2456 1160 feneratores

311 1202 376 1250 10
413 1188 653 1248 insanos
699 1182 883 1268 [esse]
932 1179 1043 1270 (P'
1051 1189 1124 1259 οζ

591 1275 926 1336 *Adtentos
1000 1286 1130 1336 esse
1203 1281 1275 1337 et
1328 1281 1569 1354 paratos
1635 1278 1712 1337 ad
1775 1278 2157 1353 audiendum,
2233 1282 2295 1337 et
2357 1282 2456 1338 est

338 1398 345 1403 -
413 1364 527 1446 πρὸ
592 1373 697 1425 τοῦ
754 1365 1024 1443 ὕστερονς
1088 1387 1228 1431 nam
1281 1367 1448 1442 prius
1504 1367 1778 1426 adtentos
1832 1366 1964 1425 fieri
2011 1384 2172 1442 m08,
2236 1371 2308 1427 ut
2361 1368 2453 1427 sic

416 1454 694 1513 audiatur
740 1447 852 1536 (P'

594 1537 710 1604 80.
755 1545 882 1602 Aut
927 1545 1046 1602 alio
1087 1537 1210 1626 (v)]
1292 1544 1628 1623 Diligenter
1671 1564 1764 1604 me
1811 1545 2006 1603 audiri
2043 1530 2181 1603 uolo
2222 1545 2297 1604 ab
2333 1537 2452 1618 his,

316 1646 374 1694 15
416 1633 519 1708 qui
575 1632 861 1692 dissoluto
918 1633 1105 1711 pallio
1162 1634 1371 1693 sedent
1415 1634 1675 1692 nondum
1721 1633 1934 1692 intenti
1983 1635 2044 1692 et
2089 1634 2323 1693 accensi
2369 1635 2451 1693 ad

413 1722 656 1781 uirtutis
704 1740 964 1780 amorem
1013 1713 1117 1801 (F‘
1131 1722 1187 1782 V
1215 1723 1429 1795 Porph.

594 1804 709 1872 82.
757 1808 795 1885 ἓ
815 1811 1030 1870 Danda
1068 1815 1158 1870 est
1187 1803 1386 1892 (νοζ)]
1470 1810 1729 1869 Multum
1766 1811 1996 1871 cicutae
2036 1804 2168 1891 (leq.
2198 1812 2448 1871 ellebori

410 1896 543 1958 cum
581 1900 707 1958 edit.
736 1891 876 1979 πεί.)
916 1900 1178 1958 dandum
1215 1903 1307 1959 est
1345 1900 1560 1975 auaris,
1609 1900 1781 1976 quasi
1816 1900 2040 1959 maiore
2069 1900 2445 1977 aegritudine

410 1986 820 2049 ‘laborantibus
869 1980 1109 2070 (P'ch

306 2089 374 2139 20
591 2078 629 2155 ἓ
650 2079 903 2138 Videtur
965 2078 1319 2154 quibusdam
1368 2078 1654 2138 Horatius
1710 2098 1829 2137 non
1875 2079 2047 2156 plene
2093 2083 2445 2155 persecutus

414 2185 555 2241 esse,
595 2168 752 2243 quod
780 2167 1135 2244 promiserit,
1174 2187 1326 2242 cum,
1363 2171 1566 2226 utrum
1591 2168 1915 2242 insaniant,
1944 2159 2151 2227 docere
2179 2173 2444 2246 praeter-

412 2269 645 2335 'gressus
693 2249 843 2315 dixit
889 2257 961 2315 de
1008 2276 1149 2315 cura
1192 2258 1476 2332 ipsorum,
1523 2276 1664 2316 sane
1709 2255 2142 2317 inconsiderate
2182 2256 2247 2315 in
2284 2258 2446 2320 uitu-

413 2348 779 2421 perationem
823 2345 1154 2404 ruentibus.
1228 2344 1373 2414 Quis
1420 2348 1578 2404 enim
1622 2347 1856 2423 ignoret
1891 2346 1985 2406 his
2021 2345 2303 2406 uidelicet
2343 2346 2443 2406 ad·

410 2433 729 2492 bibendam
785 2452 908 2493 esse
962 2434 1345 2508 medicinam,
1402 2434 1505 2510 qui
1556 2436 1752 2493 minus
1800 2435 1931 2494 sani
1976 2433 2156 2493 sunt?
2204 2428 2311 2516 (P'
2327 2436 2448 2507 ch

306 2509 373 2581 25
593 2515 708 2584 83.
756 2523 1013 2582 *Nescio
1052 2542 1130 2581 an
1165 2522 1235 2581 A.
1276 2515 1393 2604 (c)]
1466 2523 1831 2583 Metonomia
1866 2543 1973 2600 per
2007 2523 2070 2582 id
2109 2525 2269 2599 quod
2306 2544 2440 2584 con-

413 2614 568 2681 tinet
621 2612 683 2669 id
739 2612 896 2687 quod
952 2613 1304 2671 continetur.
1394 2611 1670 2672 Anticira
1725 2612 1884 2672 enim
1937 2632 2151 2707 nomen
2207 2616 2300 2673 est
2353 2613 2439 2671 in·

592 2805 622 2850 3
660 2816 879 2851 rursum
897 2800 957 2869 v]
985 2783 1086 2853 om.
1101 2802 1154 2852 Γ
1291 2805 1324 2852 9
1363 2779 1537 2853 etiam
1574 2801 1755 2864 0111.οζ
1893 2800 1941 2853 f:
1930 2801 1968 2871 ·]
1999 2802 2286 2872 senatores
2305 2803 2375 2866 οζ

415 2874 482 2923 10
520 2886 640 2924 esse
677 2886 778 2924 om.
809 2872 921 2935 νοζ
1082 2876 1145 2923 11
1187 2871 1447 2924 adtentos
1487 2871 1565 2941 Γ]
1605 2872 1851 2925 attentos
1889 2891 1924 2925 v
2088 2877 2153 2925 12
2191 2871 2301 2940 πρὸ
2340 2880 2440 2926 τοῦ

411 2939 642 3024 vovsoov
673 2942 745 2994 Κ.
750 2941 773 3011 ]
809 2957 1218 3030 προτουστερον
1250 2945 1305 2995 Γ
1326 2942 1480 3014 lllsllll
1491 2959 1592 2995 ron
1629 2962 1664 2996 v
1700 2940 1934 3010 υστερον
1969 2940 2244 3010 πρότερον
2280 2944 2440 3008 edit,-

410 3012 481 3078 cf.
511 3014 614 3082 epi.
634 3013 678 3065 I
689 3017 740 3078 1
758 3016 859 3065 47.·
876 3009 1109 3080 ὕστερον
1127 3011 1403 3080 πρότερον
1420 3015 1559 3068 Γαό
1670 3014 1930 3068 adtentos
1948 3014 2007 3085 γ]
2028 3016 2277 3068 attentos
2294 3032 2370 3068 νν

416 3090 482 3136 14
520 3083 707 3137 audiri
744 3099 834 3137 me
866 3085 920 3139 V
1057 3089 1121 3137 17
1162 3085 1246 3139 cic
1259 3085 1297 3155 :]
1338 3084 1602 3138 anticirre
1629 3100 1659 3137 c
1695 3084 1883 3139 ancire
1912 3087 1943 3149 ζ
2084 3090 2149 3139 18
2189 3086 2439 3139 dandum

414 3187 483 3195 -—
509 3153 747 3224 maiore]
767 3172 875 3209 om.
888 3176 922 3209 v
1067 3160 1135 3209 20
1161 3156 1329 3224 plene
1356 3156 1521 3227 er]
1549 3155 1692 3209 bene
1720 3176 1753 3224 γ
1896 3158 2276 3225 persecutusy
2286 3177 2320 3210 ν
2335 3157 2437 3227 VK]

411 3229 738 3295 prosecutus
773 3242 842 3279 rc
973 3233 976 3237 ’
1040 3232 1125 3279 21
1145 3227 1394 3280 insaniat
1433 3228 1548 3291 ch
1723 3233 1788 3280 22
1829 3226 1974 3280 dixit
2008 3228 2128 3311 rV]
2167 3228 2327 3282 dicat
2362 3249 2437 3297 γι·

412 3298 553 3351 dicit
587 3299 656 3362 οζ
867 3297 936 3350 de
983 3314 1117 3352 cura
1161 3298 1411 3367 ipsorum
1459 3297 1600 3351 dicit
1642 3299 1711 3362 οξ
1922 3302 1989 3351 23
2027 3316 2154 3368 quis
2184 3330 2255 3338 —-
2284 3299 2434 3381 sunt]

412 3369 537 3437 quis
575 3385 634 3422 se
670 3369 894 3438 ignoret
925 3368 1077 3422 enim
1112 3369 1202 3423 his
1230 3370 1292 3440 d3
1332 3369 1655 3423 adhibenda
1690 3368 1973 3423 medicina
2000 3373 2031 3434 ζ
2062 3369 2161 3439 qui
2199 3386 2259 3424 se
2287 3370 2437 3425 enim

410 3440 672 3509 ignorent
714 3439 804 3492 his
853 3439 1021 3493 debet
1067 3456 1188 3510 esse
1233 3440 1557 3508 adhibenda
1601 3440 1884 3495 medicina
1927 3457 1957 3494 c
2179 3457 2291 3494 non
2339 3442 2435 3495 ad·

410 3510 756 3564 bibendam.
834 3511 1061 3564 ,insani
1099 3532 1130 3580 γ
1160 3512 1417 3565 Hauthal
1644 3516 1713 3565 24
1750 3511 1848 3581 qui
1877 3543 1945 3551 —
1975 3512 2130 3583 sunt]
2169 3515 2425 3577 0111.οζ

412 3587 480 3634 26
520 3584 606 3635 est
641 3597 844 3635 nomen
882 3586 913 3647 ζ
