2602 4013
966 214 1184 271 EPIST.
1219 217 1270 271 Π
1300 225 1329 272 1
2024 218 2154 282 285

178 386 357 485 18118111
408 387 467 443 et
520 387 820 459 numerat,
875 388 944 443 ut
997 387 1123 445 sine
1170 386 1351 446 dubio
1396 386 1909 464 reprehendendus
1956 388 2036 444 sit
2081 387 2154 445 ob

179 475 385 531 nimiam
428 473 855 549 loquacitatem
902 467 1051 556 (F(r
1059 468 1116 556 ε)
1154 493 1222 534 ex
1257 477 1468 550 Porph.

321 555 432 622 80.
509 561 724 621 Sensus
771 582 840 620 ex
885 565 1287 640 superioribus
1333 565 1577 642 pendet:
1634 565 1684 623 si
1731 563 2024 637 dubitem,
2068 565 2158 621 in-

179 652 296 725 quit,
337 650 406 708 de
449 650 664 709 merito
700 651 899 726 Attae,
946 656 1006 712 et
1050 672 1185 712 cum
1221 653 1524 730 Aesopum
1569 656 1630 712 et
1664 653 1945 713 Roscium
1982 671 2158 712 coner

178 739 577 814 reprehendere,
625 741 968 816 exclament,
1013 743 1229 818 inquit,
1273 746 1474 818 patres
1523 733 2155 823 (Pers.5,103.104)
2231 750 2262 798 5

179 821 424 887 frontem
469 830 693 903 perisse
740 830 812 887 de
857 827 1083 904 rebus',
1129 832 1272 906 quia
1308 832 1462 890 nihil
1496 835 1725 890 rectum
1760 833 1995 906 putant,
2040 832 2160 889 nisi

181 917 303 991 quod
345 917 542 993 placet
585 918 730 993 ipsis
779 910 952 998 (Pecs
964 920 1020 978 V

319 998 430 1174 {2
487 1001 885 1084 *<A>esopus
932 1011 992 1067 et
1035 1008 1281 1068 Roscius
1330 1010 1733 1084 antiquissimi
1777 1010 1990 1068 comici
2033 1008 2159 1066 fue-

178 1097 286 1152 runt
354 1097 412 1153 Γ
421 1117 448 1154 ε
1995 1119 1998 1122 ·

318 1176 430 1243 84.
506 1184 671 1242 Dicit
715 1185 936 1244 idcirco
982 1204 1146 1244 senes
1191 1187 1453 1262 iuniores
1500 1186 1826 1262 despicere,
1872 1186 1970 1244 uel
2016 1188 2158 1261 quia
2199 1195 2266 1243 10

179 1272 353 1330 nolunt
410 1274 471 1332 et
524 1276 697 1349 turpe
743 1275 984 1332 uidetur
1029 1276 1113 1333 eis
1158 1275 1491 1334 iunioribus
1538 1275 1810 1334 oboedire
1855 1276 1954 1334 uel
2001 1277 2161 1350 quia,

179 1361 330 1530 quod(
360 1363 424 1419 in
477 1363 738 1420 infantia
792 1362 1154 1437 didicerunt,
1218 1383 1417 1423 secum
1472 1383 1702 1439 semper
1754 1364 2006 1423 retinere
2060 1384 2160 1422 ue·

179 1448 266 1507 lint
330 1452 387 1508 Γ
396 1472 423 1510 ε
446 1451 504 1509 V

325 1532 436 1600 86.
485 1534 757 1618 *[Numa
795 1539 1024 1600 Saliare
1070 1559 1308 1600 carmen
1354 1536 1732 1620 composuit]
1806 1540 1977 1611 Quod
2012 1540 2164 1599 Salii

180 1627 481 1687 cantabant.
578 1627 730 1688 Salii
782 1629 1155 1704 dicebantur,
1220 1631 1326 1705 qui
1380 1632 1536 1689 circa
1583 1648 1717 1690 aras
1764 1631 2024 1689 canendo
2072 1649 2162 1689 sa·
2203 1639 2268 1687 15

179 1714 372 1776 liebant
417 1709 544 1798 (Γα
551 1719 591 1790 f
591 1719 657 1775 E

328 1798 441 1867 88.
489 1806 628 1865 Non
672 1808 928 1881 tantum,
962 1808 1178 1882 inquit,
1213 1807 1424 1865 laudat
1461 1809 1739 1882 antiquos
1777 1827 1911 1866 cum
1948 1826 2165 1881 amore,

182 1898 440 1966 quantum
486 1913 594 1954 nos
642 1898 703 1954 et
745 1898 951 1955 nostra
995 1897 1301 1972 uituperat
1347 1915 1481 1954 cum
1524 1896 1755 1954 inuidia
1801 1887 2022 1976 (FfeV

321 1976 434 2046 91.
484 1983 648 2044 Idest
694 1985 836 2061 quid
885 1984 960 2044 ad
1003 1989 1210 2045 nostra
1253 1988 1524 2062 tempora
1567 1982 1948 2062 perueniret?
2040 1983 2164 2043 Sci-

176 2070 290 2130 licet
329 2074 479 2131 nihil
525 2066 583 2155 (ε
599 2074 652 2133 V
2203 2086 2270 2133 20

321 2162 481 2221 Idest
536 2164 590 2220 si
642 2182 968 2238 numquam
1022 2165 1167 2221 noui
1212 2164 1487 2237 fuissent,
1542 2182 1867 2239 numquam
1911 2163 2166 2235 fuissent

177 2252 387 2326 uetereS‚
436 2253 580 2326 quia
623 2251 776 2310 nihil
820 2254 1012 2326 uetus,
1060 2253 1216 2327 quod
1261 2271 1383 2310 non
1420 2255 1500 2311 sit
1533 2255 1700 2328 prius
1737 2272 1959 2310 nouum
1990 2244 2174 2333 (FsV

323 2333 436 2400 92.
485 2340 708 2415 Vtique
756 2341 913 2415 apud
952 2342 1247 2416 antiquOS‚
1295 2360 1446 2416 quae
1484 2345 1655 2400 erant
1689 2345 1910 2416 uetera,
1959 2359 2166 2416 quam-

179 2424 260 2483 diu
307 2448 460 2487 noua
506 2430 773 2503 fuerunt,
830 2431 882 2488 si
925 2429 1059 2488 ideo
1106 2430 1570 2505 displicuissent,
1626 2450 1745 2490 non
1791 2433 2168 2489 seruarentur

179 2521 385 2593 recepta
428 2520 494 2577 in
540 2518 959 2577 auctoritatem
1005 2511 1101 2599 (V
2204 2529 2270 2576 25

325 2606 614 2682 *Vtique,
672 2626 824 2682 quae
870 2625 1025 2665 nunc
1069 2612 1299 2682 uetera,
1357 2608 1596 2666 fuerunt
1641 2627 1814 2667 noua.
1907 2606 2069 2676 Quae
2116 2607 2169 2666 si

178 2690 286 2752 ideo
333 2695 773 2771 displicuissent
833 2698 1003 2770 tunc,
1068 2699 1216 2774 quia,
1263 2716 1420 2755 noua
1474 2698 1738 2772 fuerant,
1802 2716 1922 2755 non
1968 2716 2166 2757 serua-

178 2784 349 2841 rentur
391 2787 629 2859 recepta
673 2786 736 2843 in
784 2785 1200 2844 auctoritatem
1247 2777 1374 2865 (Γα
1410 2786 1497 2844 bis
1524 2788 1562 2859 f

327 2958 356 3005 3
390 2955 489 3008 hoc
522 2955 683 3009 schol
712 2955 798 3008 sil
828 2970 929 3008 om.
960 2954 1147 3023 Pauly
1182 2960 1233 3007 et
1267 2954 1526 3008 Hauthal
1739 2961 1773 3007 4
1810 2955 1880 3008 de
1908 2986 1978 2994 —
2008 2956 2157 3024 cum]

179 3035 259 3073 om.
274 3023 322 3075 V
523 3031 554 3077 6
603 3024 686 3077 nil
721 3043 752 3079 r
968 3031 995 3078 7
1045 3024 1233 3093 placet
1276 3025 1432 3107 ipsis
1454 3025 1532 3096 V]
1579 3025 1719 3094 ipsis
1757 3024 1946 3094 placet
1981 3033 2094 3079 cett.

181 3095 233 3142 10
272 3093 506 3150 iuniores
554 3095 842 3165 despicere
878 3096 936 3166 y]
984 3095 1270 3164 despicere
1316 3095 1560 3150 iuniores
1597 3114 1663 3150 νε
1709 3095 1940 3149 iuuenes
1979 3097 2165 3178 despi-

180 3176 281 3216 cere
316 3168 365 3220 V
505 3166 623 3237 ucl]
662 3184 762 3222 om.
792 3186 823 3222 r
1005 3173 1067 3220 11
1105 3167 1334 3220 uidetur
1369 3167 1474 3237 eis]
1514 3167 1594 3221 eis
1630 3165 1859 3220 uidetur
1895 3167 1949 3219 V
2083 3166 2166 3219 iu-

178 3232 396 3291 nioribus
425 3238 691 3292 oboedire
710 3239 826 3309 sV]
855 3237 1167 3292 iunioribus
1188 3238 1467 3307 obedirey
1497 3238 1723 3309 obedire
1741 3237 2052 3291 iunioribus
2069 3255 2101 3291 r

179 3305 256 3357 uel
287 3310 414 3375 quia
440 3341 507 3349 —
536 3308 720 3363 uelint
756 3326 857 3363 om.
878 3327 909 3363 r
1051 3309 1185 3377 quia
1222 3310 1372 3377 quod
1403 3309 1517 3379 sV]
1548 3309 1700 3376 quod
1725 3330 1758 3378 γ
1906 3313 1971 3361 14
1998 3325 2170 3362 numa

182 3404 234 3414 -
260 3380 561 3449 composuit
589 3402 643 3447 α,
672 3398 772 3436 om.
802 3387 918 3435 cett.
1066 3386 1131 3434 15
1171 3380 1422 3434 saliendo
1452 3381 1760 3434 cantabant
1786 3400 1823 3432 α
1969 3384 2032 3432 19
2066 3381 2172 3432 sci-

184 3442 296 3501 licet
328 3452 396 3504 K.
463 3452 512 3505 si
549 3471 575 3505 ε
614 3469 657 3517 8,
687 3479 753 3497 =
784 3452 883 3505 sed
921 3452 974 3505 V
1125 3457 1191 3504 21
1230 3451 1380 3505 idest
1414 3451 1522 3521 Γε]
1560 3453 1730 3506 om.V
1863 3451 1998 3504 noui
2035 3449 2172 3504 fuis-

185 3522 287 3571 sent
317 3539 376 3575 νε
443 3524 465 3593 ]
505 3521 745 3576 fuissent
779 3524 912 3576 noui
950 3544 982 3591 γ
1127 3523 1368 3577 fuissent
1392 3523 1634 3593 ueteres]
1665 3523 1851 3576 essent
1875 3524 1997 3576 uet:
2035 3540 2100 3577 re

188 3590 240 3639 22
272 3593 394 3658 quia
421 3626 491 3634 —
519 3595 752 3665 nouum]
790 3612 890 3649 om
908 3596 960 3650 V
