2602 4013
965 217 1185 272 EPIST.
1215 218 1241 271 I
1258 222 1342 274 40
2033 218 2163 283 243

341 378 442 446 13.
512 385 757 447 Sensus:
821 388 913 447 ita
967 387 1136 447 nobis
1182 388 1534 447 instruenda
1576 390 1707 447 uita
1753 390 1870 462 est,
1932 390 2002 446 ut
2044 389 2165 464 pri·

117 494 124 502 ·
193 492 320 532 mum
369 478 734 553 auspicemur
787 479 1077 554 opt-imam
1131 476 1357 552 sedem,
1421 476 1715 553 quomodo
1772 494 1912 535 area
1966 477 2167 535 domui

191 566 451 639 quaeritur
495 558 602 646 (P'
612 567 696 638 bf
707 566 766 625 V

186 751 209 838 (
332 664 436 732 16.
506 667 773 749 ¹⁶<Mom.
808 666 1095 751 Leonis>]
1179 670 1329 731 Cum
1374 673 1463 731 sol
1511 671 1585 730 ad
1630 671 1889 731 Leonem
1934 673 2167 730 uenerit

210 761 256 816 Γ
263 755 322 817 ἀ
338 762 368 818 b
385 762 449 819 E
2239 771 2270 818 5

326 859 432 928 17.
477 867 647 927 Dicit
689 869 848 927 ruris
892 868 1162 927 homines
1207 884 1327 926 non
1374 864 1617 945 l<a>edi
1662 868 1761 926 uel
1806 866 2021 926 Leonis
2066 868 2163 926 uel

181 952 456 1016 Caniculae
502 959 675 1034 signo
723 949 827 1037 (Γ
838 958 946 1016 ocV

326 1055 432 1124 18.
480 1057 623 1142 [Vt]
669 1063 1089 1122 Maronianum
1133 1061 1287 1121 illud
1335 1055 1546 1143 (yeory.
1584 1061 1678 1121 ΙΠ
1718 1055 1905 1144 530):

400 1188 525 1246 Nec
571 1204 808 1246 somnos
853 1188 1159 1264 abrumpit
1204 1205 1346 1246 eura
1392 1186 1656 1246 salubres
1705 1179 1903 1265 (F'ab
1927 1189 1982 1245 V

323 1322 429 1390 19.
502 1328 864 1388 *Numidico
919 1348 1229 1388 marmore.
1324 1329 1567 1388 Sensus:
1622 1330 1913 1405 numquid
1966 1333 2161 1390 minus
2202 1339 2268 1388 10

173 1419 300 1476 nitet
329 1418 502 1478 herba
541 1438 725 1494 quam
759 1437 1021 1477 marmor
1046 1416 1472 1477 Numidicum?
1509 1419 1693 1477 immo
1731 1421 1913 1478 etiam
1945 1418 2162 1479 herbae

172 1506 418 1582 redolent„
469 1508 631 1584 quod
674 1509 739 1566 in
785 1508 1177 1566 marmoribus
1224 1525 1343 1566 non
1390 1510 1481 1567 est
1528 1499 1640 1587 (P'
1661 1530 1699 1566 α
1720 1508 1753 1566 b
1771 1509 1810 1580 f
1819 1509 1884 1566 E

320 1608 427 1675 20.
501 1608 974 1693 *<Plumbum>]
1056 1614 1319 1681 Fistulas
1363 1613 1671 1690 plumbeas
1718 1607 1873 1696 (Γά

324 1714 432 1782 22.
478 1720 874 1779 Viridiarium
918 1721 1085 1795 dicit,
1129 1723 1200 1779 ut
1245 1713 1451 1801 (Very.
1489 1719 1639 1779 Aen.
1675 1721 1795 1779 VII
1836 1714 2018 1801 172):

397 1844 776 1929 Horrendum
820 1845 990 1905 siluis
2199 1855 2265 1903 15

166 1989 214 2044 et
252 1984 445 2048 Cicero
494 1980 588 2071 (in
637 1988 798 2049 Verr.
836 1986 899 2047 H
940 1992 996 2063 1,
1040 1990 1141 2063 19,
1179 1979 1323 2069 51):

395 2114 466 2172 In
513 2114 668 2173 silua
714 2114 1004 2189 disposita
1049 2112 1158 2172 sub
1204 2112 1345 2172 diuo
1392 2113 1651 2172 uidimus
1699 2104 1948 2193 (P'ocbf
1959 2114 2015 2172 V

313 2247 425 2316 24.
499 2256 796 2315 Naturam
861 2256 1106 2330 expellit
1169 2274 1204 2313 a
1260 2274 1322 2314 se
1386 2256 1580 2330 furca,
1646 2257 1751 2330 qui
1804 2253 2041 2313 habitat
2093 2255 2157 2313 in

165 2341 378 2403 ciuitate
425 2347 487 2404 et
530 2345 717 2404 siluas
762 2343 981 2403 habere
1028 2343 1326 2403 desiderat
1371 2337 1571 2424 (F'ocb
1581 2345 1619 2416 f
1620 2345 1684 2402 E
1701 2343 1758 2403 V

310 2451 552 2511 Sensus:
600 2452 669 2525 si,
716 2469 866 2526 quae
913 2454 1130 2510 natura.
1174 2451 1331 2509 bona
1377 2453 1533 2524 sunt,
1579 2451 1810 2509 abicere
1848 2470 1919 2509 ex
1955 2451 2154 2509 animo
2193 2462 2262 2511 20

165 2537 300 2614 uelis,
342 2542 649 2599 recurrent
693 2540 975 2614 latenter,
1019 2557 1231 2616 nempe
1279 2542 1385 2614 qui
1431 2557 1606 2616 agros
1651 2540 1909 2617 fugiunt,
1953 2542 2156 2599 tamen

164 2625 294 2687 intm
342 2629 549 2688 urbem
604 2632 681 2687 et.
721 2629 925 2688 domos
978 2649 1080 2688 rus
1132 2629 1450 2688 includunt
1504 2631 1685 2703 atque
1734 2629 1971 2688 arbores
2017 2629 2154 2688 dili-

165 2721 285 2788 gunt
328 2711 429 2799 (P‘
438 2718 521 2776 ab
531 2719 571 2790 f
571 2719 635 2776 E
653 2718 709 2776 V

310 2818 423 2885 26.
470 2824 805 2900 Aquinates
850 2842 1151 2900 purpurae
1187 2824 1410 2883 similes
1448 2827 1590 2882 sunt
1626 2824 1850 2900 Tyriis3
1896 2826 2153 2883 multum

167 2926 277 2985 ergo
335 2915 583 2991 inperiti
645 2913 953 2972 falluntur.
1045 2911 1174 2972 Hoc
1238 2921 1378 2990 ergo
1443 2914 1556 2972 ait:
1619 2914 1852 2988 patitur
1914 2913 2150 2987 quidem
2190 2923 2258 2971 25

311 3177 337 3223 1
374 3171 728 3225 instituenda
762 3170 888 3225 edit.
1106 3177 1139 3223 2
1175 3170 1557 3240 suspiciamus
1588 3169 1659 3223 Γ’
1712 3170 2069 3238 auspicamus
2109 3171 2162 3223 V

168 3239 469 3305 apici-nus
506 3244 587 3309 bf
615 3244 971 3312 auspicemur
1005 3241 1132 3296 edit.
1296 3247 1331 3295 8
1366 3244 1432 3295 ut
1472 3242 1545 3312 V]
1585 3256 1686 3295 om.
1721 3239 1841 3293 Γά
1985 3246 2016 3292 9
2054 3239 2152 3293 ab·

167 3311 293 3377 rupit
312 3313 380 3369 rb
555 3321 619 3368 11
658 3313 868 3368 herbae
903 3314 1076 3368 etiam
1096 3313 1159 3368 E
1180 3314 1407 3367 conarb
1580 3317 1644 3364 17
1685 3311 1787 3364 sub
1826 3311 1985 3381 diuo]
2023 3310 2151 3364 sub-

169 3377 284 3434 oidio
315 3405 346 3453 y
382 3383 636 3439 subsidio
673 3388 739 3439 ut
774 3406 812 3439 α
985 3391 1049 3437 19
1090 3384 1175 3473 et]
1208 3400 1274 3438 eo
1315 3386 1369 3439 V
1522 3387 1589 3436 20
1628 3383 1846 3454 sensns]
1884 3399 1985 3436 om.
2015 3383 2090 3448 rf

171 3452 219 3501 21
256 3468 444 3526 nempe
491 3458 593 3528 K]
638 3472 771 3510 nam
815 3454 914 3523 ΥΕ
954 3470 1058 3509 nec
1107 3458 1158 3509 Γ
1190 3456 1336 3510 oebV
1382 3455 1464 3508 sio
1514 3474 1548 3508 v
1583 3471 1721 3508 corr.
1935 3453 2148 3597 tamen}

169 3523 352 3650 ῐέοἰῐέοῗ
396 3531 449 3584 V
482 3530 710 3582 tantum
756 3549 789 3598 γ
1038 3534 1106 3581 24
1153 3528 1287 3580 sunt
1330 3525 1543 3579 similes
1587 3526 1624 3591 f
1636 3527 1689 3581 V
1929 3531 1997 3579 25
2043 3525 2127 3579 ait

1725 3686 1833 3738 16*
