<?xml version="1.0" encoding="UTF-8"?>
<!DOCTYPE html PUBLIC "-//W3C//DTD XHTML 1.0 Transitional//EN"
    "http://www.w3.org/TR/xhtml1/DTD/xhtml1-transitional.dtd">
<html xmlns="http://www.w3.org/1999/xhtml" xml:lang="en" lang="en">
 <head>
  <title>
</title>
<meta http-equiv="Content-Type" content="text/html;charset=utf-8" />
  <meta name='ocr-system' content='tesseract 3.04.00' />
  <meta name='ocr-capabilities' content='ocr_page ocr_carea ocr_par ocr_line ocrx_word'/>
</head>
<body>
  <div class='ocr_page' id='page_1' title='image "./pseudacronissch03kellgoog/pseudacronissch03kellgoog_0155.png"; bbox 0 0 2602 4013; ppageno 0'>
   <div class='ocr_carea' id='block_1_1' title="bbox 975 204 2209 271">
    <p class='ocr_par' dir='ltr' id='par_1_1' title="bbox 975 204 2209 271">
     <span class='ocr_line' id='line_1_1' title="bbox 975 204 2209 271; baseline 0.011 -13"><span class='ocrx_word' id='word_1_1' title='bbox 975 204 1231 259; x_wconf 81' lang='lat' dir='ltr'><strong>SERM.1</strong></span> <span class='ocrx_word' id='word_1_2' title='bbox 1259 211 1308 259; x_wconf 83' lang='lat' dir='ltr'>e.</span> <span class='ocrx_word' id='word_1_3' title='bbox 1344 212 1409 261; x_wconf 79' lang='grc' dir='ltr'>ιο</span> <span class='ocrx_word' id='word_1_4' title='bbox 2083 206 2209 271; x_wconf 85' lang='grc'>105</span> 
     </span>
    </p>
   </div>
   <div class='ocr_carea' id='block_1_2' title="bbox 173 371 2310 1077">
    <p class='ocr_par' dir='ltr' id='par_1_2' title="bbox 173 371 2310 1077">
     <span class='ocr_line' id='line_1_2' title="bbox 350 371 2207 450; baseline 0.001 -19"><span class='ocrx_word' id='word_1_5' title='bbox 350 371 515 442; x_wconf 84' lang='lat' dir='ltr'>Quid</span> <span class='ocrx_word' id='word_1_6' title='bbox 575 377 668 433; x_wconf 87' lang='lat' dir='ltr'>est</span> <span class='ocrx_word' id='word_1_7' title='bbox 733 372 1063 434; x_wconf 75' lang='lat' dir='ltr'>antestari?</span> <span class='ocrx_word' id='word_1_8' title='bbox 1156 371 1315 433; x_wconf 88' lang='lat' dir='ltr'>Olim</span> <span class='ocrx_word' id='word_1_9' title='bbox 1378 376 1484 450; x_wconf 92' lang='lat' dir='ltr'>qui</span> <span class='ocrx_word' id='word_1_10' title='bbox 1538 374 1978 449; x_wconf 86' lang='lat' dir='ltr'>antestabatur,</span> <span class='ocrx_word' id='word_1_11' title='bbox 2043 375 2207 433; x_wconf 91' lang='lat' dir='ltr'>auri-</span> 
     </span>
     <span class='ocr_line' id='line_1_3' title="bbox 178 461 2205 540; baseline 0.002 -20"><span class='ocrx_word' id='word_1_12' title='bbox 178 461 366 520; x_wconf 83' lang='lat' dir='ltr'>culam</span> <span class='ocrx_word' id='word_1_13' title='bbox 414 462 832 540; x_wconf 86' lang='lat' dir='ltr'>contingebat,</span> <span class='ocrx_word' id='word_1_14' title='bbox 877 462 1130 538; x_wconf 91' lang='lat' dir='ltr'>ideoque</span> <span class='ocrx_word' id='word_1_15' title='bbox 1174 467 1355 539; x_wconf 92' lang='lat' dir='ltr'>poeta</span> <span class='ocrx_word' id='word_1_16' title='bbox 1399 465 1512 522; x_wconf 91' lang='lat' dir='ltr'>ait:</span> <span class='ocrx_word' id='word_1_17' title='bbox 1577 463 1831 522; x_wconf 77' lang='lat' dir='ltr'>libenter</span> <span class='ocrx_word' id='word_1_18' title='bbox 1876 464 2205 524; x_wconf 80' lang='lat' dir='ltr'>auriculam</span> 
     </span>
     <span class='ocr_line' id='line_1_4' title="bbox 180 551 2205 629; baseline 0.002 -21"><span class='ocrx_word' id='word_1_19' title='bbox 180 551 388 626; x_wconf 87' lang='lat' dir='ltr'>optuli.</span> <span class='ocrx_word' id='word_1_20' title='bbox 488 551 765 629; x_wconf 85' lang='lat' dir='ltr'>Tangens</span> <span class='ocrx_word' id='word_1_21' title='bbox 814 554 1017 611; x_wconf 90' lang='lat' dir='ltr'>autem</span> <span class='ocrx_word' id='word_1_22' title='bbox 1063 553 1394 611; x_wconf 84' lang='lat' dir='ltr'>auriculam</span> <span class='ocrx_word' id='word_1_23' title='bbox 1438 551 1533 611; x_wconf 90' lang='lat' dir='ltr'>his</span> <span class='ocrx_word' id='word_1_24' title='bbox 1579 552 1778 611; x_wconf 90' lang='lat' dir='ltr'>uerbis</span> <span class='ocrx_word' id='word_1_25' title='bbox 1823 551 2205 627; x_wconf 84' lang='lat' dir='ltr'>loquebatur:</span> 
     </span>
     <span class='ocr_line' id='line_1_5' title="bbox 176 633 2207 718; baseline 0 -19"><span class='ocrx_word' id='word_1_26' title='bbox 176 633 345 699; x_wconf 76' lang='lat' dir='ltr'>‘licet</span> <span class='ocrx_word' id='word_1_27' title='bbox 408 636 782 700; x_wconf 50' lang='lat' dir='ltr'>antestari?</span> <span class='ocrx_word' id='word_1_28' title='bbox 878 639 944 699; x_wconf 86' lang='lat' dir='ltr'>Si</span> <span class='ocrx_word' id='word_1_29' title='bbox 1005 641 1109 700; x_wconf 83' lang='lat' dir='ltr'>ille</span> <span class='ocrx_word' id='word_1_30' title='bbox 1171 640 1596 718; x_wconf 80' lang='lat' dir='ltr'>respondisset:</span> <span class='ocrx_word' id='word_1_31' title='bbox 1664 636 1886 716; x_wconf 83' lang='lat' dir='ltr'>‘licet&#39;‚</span> <span class='ocrx_word' id='word_1_32' title='bbox 1947 660 2055 717; x_wconf 92' lang='lat' dir='ltr'>per</span> <span class='ocrx_word' id='word_1_33' title='bbox 2115 644 2207 700; x_wconf 92' lang='lat' dir='ltr'>in-</span> 
     </span>
     <span class='ocr_line' id='line_1_6' title="bbox 173 729 2310 793; baseline 0.004 -8"><span class='ocrx_word' id='word_1_34' title='bbox 173 730 489 788; x_wconf 78' lang='lat' dir='ltr'>iectionem</span> <span class='ocrx_word' id='word_1_35' title='bbox 537 747 751 788; x_wconf 90' lang='lat' dir='ltr'>manus</span> <span class='ocrx_word' id='word_1_36' title='bbox 797 729 1209 789; x_wconf 88' lang='lat' dir='ltr'>aduersarium</span> <span class='ocrx_word' id='word_1_37' title='bbox 1255 749 1429 790; x_wconf 91' lang='lat' dir='ltr'>suum</span> <span class='ocrx_word' id='word_1_38' title='bbox 1472 731 1535 788; x_wconf 90' lang='lat' dir='ltr'>in</span> <span class='ocrx_word' id='word_1_39' title='bbox 1581 729 1868 790; x_wconf 89' lang='lat' dir='ltr'>iudicium</span> <span class='ocrx_word' id='word_1_40' title='bbox 1913 729 2204 789; x_wconf 86' lang='lat' dir='ltr'>trahebat.</span> <span class='ocrx_word' id='word_1_41' title='bbox 2278 744 2310 793; x_wconf 84' lang='lat'>5</span> 
     </span>
     <span class='ocr_line' id='line_1_7' title="bbox 177 814 2207 893; baseline 0.001 -17"><span class='ocrx_word' id='word_1_42' title='bbox 177 814 341 886; x_wconf 83' lang='lat' dir='ltr'>Quod</span> <span class='ocrx_word' id='word_1_43' title='bbox 388 819 444 877; x_wconf 89' lang='lat' dir='ltr'>si</span> <span class='ocrx_word' id='word_1_44' title='bbox 490 820 832 877; x_wconf 84' lang='lat' dir='ltr'>antestatus</span> <span class='ocrx_word' id='word_1_45' title='bbox 868 837 989 877; x_wconf 89' lang='lat' dir='ltr'>non</span> <span class='ocrx_word' id='word_1_46' title='bbox 1026 823 1179 878; x_wconf 90' lang='lat' dir='ltr'>esset</span> <span class='ocrx_word' id='word_1_47' title='bbox 1215 823 1276 878; x_wconf 88' lang='lat' dir='ltr'>et</span> <span class='ocrx_word' id='word_1_48' title='bbox 1312 838 1557 878; x_wconf 88' lang='lat' dir='ltr'>manum</span> <span class='ocrx_word' id='word_1_49' title='bbox 1590 819 1907 893; x_wconf 85' lang='lat' dir='ltr'>iniecisset,</span> <span class='ocrx_word' id='word_1_50' title='bbox 1952 818 2207 878; x_wconf 87' lang='lat' dir='ltr'>iniuriae</span> 
     </span>
     <span class='ocr_line' id='line_1_8' title="bbox 175 900 2203 990; baseline 0 -26"><span class='ocrx_word' id='word_1_51' title='bbox 175 925 300 965; x_wconf 87' lang='lat' dir='ltr'>reus</span> <span class='ocrx_word' id='word_1_52' title='bbox 357 907 657 966; x_wconf 84' lang='lat' dir='ltr'>constitui</span> <span class='ocrx_word' id='word_1_53' title='bbox 710 909 963 983; x_wconf 89' lang='lat' dir='ltr'>poterat.</span> <span class='ocrx_word' id='word_1_54' title='bbox 1055 906 1307 967; x_wconf 89' lang='lat' dir='ltr'>Plautus</span> <span class='ocrx_word' id='word_1_55' title='bbox 1360 911 1425 967; x_wconf 92' lang='lat' dir='ltr'>in</span> <span class='ocrx_word' id='word_1_56' title='bbox 1479 906 1662 968; x_wconf 83' lang='lat' dir='ltr'>Persa</span> <span class='ocrx_word' id='word_1_57' title='bbox 1716 900 1872 990; x_wconf 81' lang='lat'>(1111</span> <span class='ocrx_word' id='word_1_58' title='bbox 1911 910 1979 984; x_wconf 87' lang='lat'>9,</span> <span class='ocrx_word' id='word_1_59' title='bbox 2020 910 2103 968; x_wconf 90' lang='lat'>10</span> <span class='ocrx_word' id='word_1_60' title='bbox 2120 925 2203 981; x_wconf 79' lang='lat' dir='ltr'>sq.</span> 
     </span>
     <span class='ocr_line' id='line_1_9' title="bbox 177 987 1832 1077; baseline 0.002 -25"><span class='ocrx_word' id='word_1_61' title='bbox 177 1019 252 1042; x_wconf 90' lang='lat'>=</span> <span class='ocrx_word' id='word_1_62' title='bbox 292 996 419 1054; x_wconf 85' lang='lat'>747</span> <span class='ocrx_word' id='word_1_63' title='bbox 442 1012 537 1070; x_wconf 78' lang='lat' dir='ltr'>sq.</span> <span class='ocrx_word' id='word_1_64' title='bbox 565 987 698 1077; x_wconf 83' lang='lat' dir='ltr'>R.):</span> <span class='ocrx_word' id='word_1_65' title='bbox 743 996 877 1057; x_wconf 89' lang='lat' dir='ltr'>leno</span> <span class='ocrx_word' id='word_1_66' title='bbox 926 997 1001 1056; x_wconf 86' lang='lat' dir='ltr'>ad</span> <span class='ocrx_word' id='word_1_67' title='bbox 1049 997 1428 1073; x_wconf 81' lang='lat' dir='ltr'>Satyrionem</span> <span class='ocrx_word' id='word_1_68' title='bbox 1473 999 1832 1073; x_wconf 84' lang='lat' dir='ltr'>parasitum:</span> 
     </span>
    </p>
   </div>
   <div class='ocr_carea' id='block_1_3' title="bbox 177 1119 2312 1339">
    <p class='ocr_par' dir='ltr' id='par_1_3' title="bbox 177 1119 2312 1339">
     <span class='ocr_line' id='line_1_10' title="bbox 491 1119 1117 1181; baseline -0.002 -1"><span class='ocrx_word' id='word_1_69' title='bbox 491 1121 710 1180; x_wconf 81' lang='lat' dir='ltr'>Nonne</span> <span class='ocrx_word' id='word_1_70' title='bbox 758 1119 1117 1181; x_wconf 80' lang='lat' dir='ltr'>antestaris?</span> 
     </span>
     <span class='ocr_line' id='line_1_11' title="bbox 177 1264 2312 1339; baseline 0.001 -18"><span class='ocrx_word' id='word_1_71' title='bbox 177 1265 229 1321; x_wconf 83' lang='lat' dir='ltr'>et</span> <span class='ocrx_word' id='word_1_72' title='bbox 265 1264 610 1339; x_wconf 85' lang='lat' dir='ltr'>parasitus:</span> <span class='ocrx_word' id='word_1_73' title='bbox 2245 1274 2312 1324; x_wconf 91' lang='lat'>10</span> 
     </span>
    </p>
   </div>
   <div class='ocr_carea' id='block_1_4' title="bbox 497 1387 2209 1557">
    <p class='ocr_par' dir='ltr' id='par_1_4' title="bbox 497 1387 2209 1557">
     <span class='ocr_line' id='line_1_12' title="bbox 1012 1387 1906 1465; baseline 0 -19"><span class='ocrx_word' id='word_1_74' title='bbox 1012 1388 1216 1447; x_wconf 86' lang='lat' dir='ltr'>Tuane</span> <span class='ocrx_word' id='word_1_75' title='bbox 1263 1406 1371 1465; x_wconf 86' lang='lat' dir='ltr'>ego</span> <span class='ocrx_word' id='word_1_76' title='bbox 1419 1406 1597 1447; x_wconf 90' lang='lat' dir='ltr'>causa</span> <span class='ocrx_word' id='word_1_77' title='bbox 1643 1387 1906 1447; x_wconf 82' lang='lat' dir='ltr'>carnifex</span> 
     </span>
     <span class='ocr_line' id='line_1_13' title="bbox 497 1468 2209 1557; baseline 0.001 -23"><span class='ocrx_word' id='word_1_78' title='bbox 497 1473 796 1550; x_wconf 86' lang='lat' dir='ltr'>Cuiquam</span> <span class='ocrx_word' id='word_1_79' title='bbox 841 1476 1082 1536; x_wconf 87' lang='lat' dir='ltr'>mortali</span> <span class='ocrx_word' id='word_1_80' title='bbox 1126 1476 1314 1536; x_wconf 86' lang='lat' dir='ltr'>libero</span> <span class='ocrx_word' id='word_1_81' title='bbox 1362 1494 1535 1536; x_wconf 87' lang='lat' dir='ltr'>aures</span> <span class='ocrx_word' id='word_1_82' title='bbox 1582 1475 1877 1535; x_wconf 76' lang='lat' dir='ltr'>atteram?</span> <span class='ocrx_word' id='word_1_83' title='bbox 1924 1468 2075 1557; x_wconf 79' lang='lat' dir='ltr'>(P&#39;f</span> <span class='ocrx_word' id='word_1_84' title='bbox 2086 1476 2209 1548; x_wconf 64' lang='lat' dir='ltr'>ch&#39;</span> 
     </span>
    </p>
   </div>
   <div class='ocr_carea' id='block_1_5' title="bbox 168 1617 2313 2322">
    <p class='ocr_par' dir='ltr' id='par_1_5' title="bbox 168 1617 2313 2322">
     <span class='ocr_line' id='line_1_14' title="bbox 338 1617 2207 1693; baseline 0.001 -16"><span class='ocrx_word' id='word_1_85' title='bbox 338 1618 623 1677; x_wconf 78' lang='lat' dir='ltr'>*Aliterz</span> <span class='ocrx_word' id='word_1_86' title='bbox 669 1619 958 1677; x_wconf 85' lang='lat' dir='ltr'>antestari</span> <span class='ocrx_word' id='word_1_87' title='bbox 1004 1617 1160 1678; x_wconf 91' lang='lat' dir='ltr'>idest</span> <span class='ocrx_word' id='word_1_88' title='bbox 1202 1621 1355 1678; x_wconf 89' lang='lat' dir='ltr'>teste</span> <span class='ocrx_word' id='word_1_89' title='bbox 1400 1619 1518 1691; x_wconf 89' lang='lat' dir='ltr'>uti,</span> <span class='ocrx_word' id='word_1_90' title='bbox 1565 1618 1724 1693; x_wconf 91' lang='lat' dir='ltr'>quod</span> <span class='ocrx_word' id='word_1_91' title='bbox 1768 1618 1980 1678; x_wconf 89' lang='lat' dir='ltr'>iudicii</span> <span class='ocrx_word' id='word_1_92' title='bbox 2025 1636 2207 1679; x_wconf 88' lang='lat' dir='ltr'>causa</span> 
     </span>
     <span class='ocr_line' id='line_1_15' title="bbox 174 1698 2205 1782; baseline 0.002 -19"><span class='ocrx_word' id='word_1_93' title='bbox 174 1707 297 1766; x_wconf 87' lang='lat' dir='ltr'>uolo</span> <span class='ocrx_word' id='word_1_94' title='bbox 354 1727 617 1766; x_wconf 89' lang='lat' dir='ltr'>manum</span> <span class='ocrx_word' id='word_1_95' title='bbox 661 1708 896 1766; x_wconf 88' lang='lat' dir='ltr'>inicere.</span> <span class='ocrx_word' id='word_1_96' title='bbox 925 1698 929 1709; x_wconf 75' lang='grc'>’</span> <span class='ocrx_word' id='word_1_97' title='bbox 986 1706 1145 1766; x_wconf 87' lang='lat' dir='ltr'>Nam</span> <span class='ocrx_word' id='word_1_98' title='bbox 1188 1707 1336 1766; x_wconf 88' lang='lat' dir='ltr'>haec</span> <span class='ocrx_word' id='word_1_99' title='bbox 1382 1710 1512 1766; x_wconf 88' lang='lat' dir='ltr'>erat</span> <span class='ocrx_word' id='word_1_100' title='bbox 1557 1707 1948 1767; x_wconf 85' lang='lat' dir='ltr'>consuetudo:</span> <span class='ocrx_word' id='word_1_101' title='bbox 2014 1707 2205 1782; x_wconf 89' lang='lat' dir='ltr'>siquis</span> 
     </span>
     <span class='ocr_line' id='line_1_16' title="bbox 171 1794 2312 1872; baseline 0.002 -19"><span class='ocrx_word' id='word_1_102' title='bbox 171 1794 386 1855; x_wconf 85' lang='lat' dir='ltr'>uadato</span> <span class='ocrx_word' id='word_1_103' title='bbox 448 1815 576 1855; x_wconf 92' lang='lat' dir='ltr'>non</span> <span class='ocrx_word' id='word_1_104' title='bbox 621 1797 948 1872; x_wconf 89' lang='lat' dir='ltr'>paruisset,</span> <span class='ocrx_word' id='word_1_105' title='bbox 1003 1798 1132 1855; x_wconf 88' lang='lat' dir='ltr'>eius</span> <span class='ocrx_word' id='word_1_106' title='bbox 1179 1795 1561 1855; x_wconf 86' lang='lat' dir='ltr'>aduersarius</span> <span class='ocrx_word' id='word_1_107' title='bbox 1608 1796 1873 1871; x_wconf 92' lang='lat' dir='ltr'>aliquem</span> <span class='ocrx_word' id='word_1_108' title='bbox 1918 1794 1990 1854; x_wconf 87' lang='lat' dir='ltr'>de</span> <span class='ocrx_word' id='word_1_109' title='bbox 2036 1815 2204 1871; x_wconf 88' lang='lat' dir='ltr'>prae·</span> <span class='ocrx_word' id='word_1_110' title='bbox 2246 1808 2312 1857; x_wconf 83' lang='lat'>15</span> 
     </span>
     <span class='ocr_line' id='line_1_17' title="bbox 171 1884 2206 1963; baseline 0 -20"><span class='ocrx_word' id='word_1_111' title='bbox 171 1884 433 1945; x_wconf 77' lang='lat' dir='ltr'>sentibus</span> <span class='ocrx_word' id='word_1_112' title='bbox 486 1884 934 1960; x_wconf 87' lang='lat' dir='ltr'>antestabatur,</span> <span class='ocrx_word' id='word_1_113' title='bbox 986 1884 1144 1943; x_wconf 87' lang='lat' dir='ltr'>idest</span> <span class='ocrx_word' id='word_1_114' title='bbox 1187 1884 1476 1963; x_wconf 87' lang='lat' dir='ltr'>tangebat</span> <span class='ocrx_word' id='word_1_115' title='bbox 1521 1886 1648 1944; x_wconf 91' lang='lat' dir='ltr'>eius</span> <span class='ocrx_word' id='word_1_116' title='bbox 1696 1903 1898 1943; x_wconf 90' lang='lat' dir='ltr'>aurem</span> <span class='ocrx_word' id='word_1_117' title='bbox 1945 1887 2006 1943; x_wconf 93' lang='lat' dir='ltr'>et</span> <span class='ocrx_word' id='word_1_118' title='bbox 2050 1885 2206 1944; x_wconf 89' lang='lat' dir='ltr'>dice-</span> 
     </span>
     <span class='ocr_line' id='line_1_18' title="bbox 168 1970 2207 2051; baseline 0.001 -19"><span class='ocrx_word' id='word_1_119' title='bbox 168 1970 291 2033; x_wconf 86' lang='lat' dir='ltr'>bat:</span> <span class='ocrx_word' id='word_1_120' title='bbox 336 1975 570 2035; x_wconf 89' lang='lat' dir='ltr'>licetne</span> <span class='ocrx_word' id='word_1_121' title='bbox 615 1976 676 2033; x_wconf 89' lang='lat' dir='ltr'>te</span> <span class='ocrx_word' id='word_1_122' title='bbox 723 1971 1054 2033; x_wconf 79' lang='lat' dir='ltr'>antestari?</span> <span class='ocrx_word' id='word_1_123' title='bbox 1137 1973 1203 2034; x_wconf 86' lang='lat' dir='ltr'>Si</span> <span class='ocrx_word' id='word_1_124' title='bbox 1238 1974 1642 2051; x_wconf 87' lang='lat' dir='ltr'>respondisset</span> <span class='ocrx_word' id='word_1_125' title='bbox 1674 1973 1804 2033; x_wconf 86' lang='lat' dir='ltr'>ille:</span> <span class='ocrx_word' id='word_1_126' title='bbox 1851 1973 2015 2048; x_wconf 81' lang='lat' dir='ltr'>licet,</span> <span class='ocrx_word' id='word_1_127' title='bbox 2059 1975 2207 2035; x_wconf 91' lang='lat' dir='ltr'>tunc</span> 
     </span>
     <span class='ocr_line' id='line_1_19' title="bbox 168 2062 2207 2139; baseline 0 -18"><span class='ocrx_word' id='word_1_128' title='bbox 168 2064 456 2123; x_wconf 86' lang='lat' dir='ltr'>iniciebat</span> <span class='ocrx_word' id='word_1_129' title='bbox 513 2062 771 2124; x_wconf 86' lang='lat' dir='ltr'>uadatus</span> <span class='ocrx_word' id='word_1_130' title='bbox 825 2083 1072 2123; x_wconf 86' lang='lat' dir='ltr'>manum</span> <span class='ocrx_word' id='word_1_131' title='bbox 1115 2065 1180 2122; x_wconf 91' lang='lat' dir='ltr'>in</span> <span class='ocrx_word' id='word_1_132' title='bbox 1227 2083 1390 2139; x_wconf 88' lang='lat' dir='ltr'>eum,</span> <span class='ocrx_word' id='word_1_133' title='bbox 1451 2066 1556 2139; x_wconf 91' lang='lat' dir='ltr'>qui</span> <span class='ocrx_word' id='word_1_134' title='bbox 1601 2081 1719 2123; x_wconf 92' lang='lat' dir='ltr'>non</span> <span class='ocrx_word' id='word_1_135' title='bbox 1764 2065 2091 2139; x_wconf 84' lang='lat' dir='ltr'>paruisset,</span> <span class='ocrx_word' id='word_1_136' title='bbox 2147 2065 2207 2121; x_wconf 90' lang='lat' dir='ltr'>et</span> 
     </span>
     <span class='ocr_line' id='line_1_20' title="bbox 169 2150 2207 2228; baseline 0 -19"><span class='ocrx_word' id='word_1_137' title='bbox 169 2150 423 2213; x_wconf 86' lang='lat' dir='ltr'>ducebat</span> <span class='ocrx_word' id='word_1_138' title='bbox 458 2155 529 2211; x_wconf 89' lang='lat' dir='ltr'>in</span> <span class='ocrx_word' id='word_1_139' title='bbox 564 2152 887 2227; x_wconf 68' lang='lat' dir='ltr'>iudicium,</span> <span class='ocrx_word' id='word_1_140' title='bbox 919 2152 1097 2211; x_wconf 90' lang='lat' dir='ltr'>aliter</span> <span class='ocrx_word' id='word_1_141' title='bbox 1133 2154 1186 2212; x_wconf 92' lang='lat' dir='ltr'>si</span> <span class='ocrx_word' id='word_1_142' title='bbox 1220 2152 1521 2212; x_wconf 87' lang='lat' dir='ltr'>iniecisset</span> <span class='ocrx_word' id='word_1_143' title='bbox 1555 2170 1815 2228; x_wconf 85' lang='lat' dir='ltr'>manum,</span> <span class='ocrx_word' id='word_1_144' title='bbox 1851 2152 2207 2211; x_wconf 83' lang='lat' dir='ltr'>iniuriarum</span> 
     </span>
     <span class='ocr_line' id='line_1_21' title="bbox 170 2233 2313 2322; baseline 0 -21"><span class='ocrx_word' id='word_1_145' title='bbox 170 2245 407 2315; x_wconf 89' lang='lat' dir='ltr'>poterat</span> <span class='ocrx_word' id='word_1_146' title='bbox 456 2243 729 2301; x_wconf 85' lang='lat' dir='ltr'>accusari</span> <span class='ocrx_word' id='word_1_147' title='bbox 775 2233 1045 2322; x_wconf 63' lang='lat' dir='ltr'>(F&#39;bfcg</span> <span class='ocrx_word' id='word_1_148' title='bbox 1076 2258 1227 2300; x_wconf 77' lang='lat' dir='ltr'>cons.</span> <span class='ocrx_word' id='word_1_149' title='bbox 1264 2241 1475 2315; x_wconf 75' lang='lat' dir='ltr'>Porph.</span> <span class='ocrx_word' id='word_1_150' title='bbox 2244 2252 2313 2301; x_wconf 82' lang='lat'>20</span> 
     </span>
    </p>
   </div>
   <div class='ocr_carea' id='block_1_6' title="bbox 976 2449 1404 2459">
    <p class='ocr_par' dir='ltr' id='par_1_6' title="bbox 976 2449 1404 2459">
     <span class='ocr_line' id='line_1_22' title="bbox 976 2449 1404 2459; baseline 0 1554"><span class='ocrx_word' id='word_1_151' title='bbox 976 2449 1404 2459; x_wconf 95' lang='lat' dir='ltr'> </span> 
     </span>
    </p>
   </div>
   <div class='ocr_carea' id='block_1_7' title="bbox 1017 2612 1372 2672">
    <p class='ocr_par' dir='ltr' id='par_1_7' title="bbox 1017 2612 1372 2672">
     <span class='ocr_line' id='line_1_23' title="bbox 1017 2612 1372 2672; baseline 0.006 -2"><span class='ocrx_word' id='word_1_152' title='bbox 1017 2612 1242 2671; x_wconf 79' lang='lat' dir='ltr'><strong>SERM.</strong></span> <span class='ocrx_word' id='word_1_153' title='bbox 1289 2614 1372 2672; x_wconf 90' lang='lat'>10</span> 
     </span>
    </p>
   </div>
   <div class='ocr_carea' id='block_1_8' title="bbox 173 2746 2311 3187">
    <p class='ocr_par' dir='ltr' id='par_1_8' title="bbox 173 2746 2207 3014">
     <span class='ocr_line' id='line_1_24' title="bbox 349 2746 2207 2837; baseline -0.001 -23"><span class='ocrx_word' id='word_1_154' title='bbox 349 2747 421 2817; x_wconf 88' lang='lat' dir='ltr'>l.</span> <span class='ocrx_word' id='word_1_155' title='bbox 510 2752 549 2830; x_wconf 64' lang='grc' dir='ltr'><strong>ἕ</strong></span> <span class='ocrx_word' id='word_1_156' title='bbox 572 2754 802 2830; x_wconf 86' lang='lat' dir='ltr'>Nempe</span> <span class='ocrx_word' id='word_1_157' title='bbox 856 2756 1250 2830; x_wconf 89' lang='lat' dir='ltr'>incomposito</span> <span class='ocrx_word' id='word_1_158' title='bbox 1297 2746 1423 2837; x_wconf 83' lang='lat' dir='ltr'><em>(v)]</em></span> <span class='ocrx_word' id='word_1_159' title='bbox 1513 2754 1676 2814; x_wconf 89' lang='lat' dir='ltr'>Idest</span> <span class='ocrx_word' id='word_1_160' title='bbox 1721 2757 1878 2814; x_wconf 89' lang='lat' dir='ltr'>certe</span> <span class='ocrx_word' id='word_1_161' title='bbox 1923 2754 2207 2814; x_wconf 90' lang='lat' dir='ltr'>confiteor</span> 
     </span>
     <span class='ocr_line' id='line_1_25' title="bbox 173 2843 2206 2921; baseline 0 -20"><span class='ocrx_word' id='word_1_162' title='bbox 173 2862 260 2903; x_wconf 90' lang='lat' dir='ltr'>me</span> <span class='ocrx_word' id='word_1_163' title='bbox 313 2844 570 2919; x_wconf 85' lang='lat' dir='ltr'>dixisse,</span> <span class='ocrx_word' id='word_1_164' title='bbox 626 2843 789 2919; x_wconf 92' lang='lat' dir='ltr'>quod</span> <span class='ocrx_word' id='word_1_165' title='bbox 842 2862 1080 2921; x_wconf 90' lang='lat' dir='ltr'>asperos</span> <span class='ocrx_word' id='word_1_166' title='bbox 1137 2845 1197 2903; x_wconf 93' lang='lat' dir='ltr'>et</span> <span class='ocrx_word' id='word_1_167' title='bbox 1241 2862 1363 2904; x_wconf 92' lang='lat' dir='ltr'>non</span> <span class='ocrx_word' id='word_1_168' title='bbox 1408 2844 1765 2920; x_wconf 86' lang='lat' dir='ltr'>compositos</span> <span class='ocrx_word' id='word_1_169' title='bbox 1811 2862 2019 2903; x_wconf 90' lang='lat' dir='ltr'>uersus</span> <span class='ocrx_word' id='word_1_170' title='bbox 2063 2844 2206 2902; x_wconf 87' lang='lat' dir='ltr'>fecit</span> 
     </span>
     <span class='ocr_line' id='line_1_26' title="bbox 174 2924 2070 3014; baseline 0.002 -26"><span class='ocrx_word' id='word_1_171' title='bbox 174 2929 435 2992; x_wconf 81' lang='lat' dir='ltr'>Lucilius</span> <span class='ocrx_word' id='word_1_172' title='bbox 485 2924 595 3014; x_wconf 83' lang='lat' dir='ltr'>(P&#39;</span> <span class='ocrx_word' id='word_1_173' title='bbox 603 2933 642 3005; x_wconf 83' lang='lat' dir='ltr'><strong><em>f</em></strong></span> <span class='ocrx_word' id='word_1_174' title='bbox 639 2931 698 2990; x_wconf 87' lang='lat' dir='ltr'><strong><em>L</em></strong></span> <span class='ocrx_word' id='word_1_175' title='bbox 720 2932 845 3003; x_wconf 73' lang='grc' dir='ltr'>’Ῡοζ</span> <span class='ocrx_word' id='word_1_176' title='bbox 2049 2973 2070 2982; x_wconf 39' lang='grc' dir='ltr'><em>κ</em></span> 
     </span>
    </p>

    <p class='ocr_par' dir='ltr' id='par_1_9' title="bbox 177 3019 2311 3187">
     <span class='ocr_line' id='line_1_27' title="bbox 347 3019 2311 3098; baseline 0.001 -17"><span class='ocrx_word' id='word_1_177' title='bbox 347 3021 734 3097; x_wconf 78' lang='lat' dir='ltr'>*Respondit</span> <span class='ocrx_word' id='word_1_178' title='bbox 777 3021 898 3098; x_wconf 85' lang='lat' dir='ltr'>his,</span> <span class='ocrx_word' id='word_1_179' title='bbox 954 3040 991 3080; x_wconf 89' lang='lat' dir='ltr'>a</span> <span class='ocrx_word' id='word_1_180' title='bbox 1037 3020 1250 3096; x_wconf 87' lang='lat' dir='ltr'>quibus</span> <span class='ocrx_word' id='word_1_181' title='bbox 1297 3021 1571 3095; x_wconf 89' lang='lat' dir='ltr'>culpatus</span> <span class='ocrx_word' id='word_1_182' title='bbox 1618 3021 1838 3098; x_wconf 87' lang='lat' dir='ltr'>fuerat,</span> <span class='ocrx_word' id='word_1_183' title='bbox 1885 3020 2044 3097; x_wconf 92' lang='lat' dir='ltr'>quod</span> <span class='ocrx_word' id='word_1_184' title='bbox 2088 3019 2204 3079; x_wconf 91' lang='lat' dir='ltr'>Lu·</span> <span class='ocrx_word' id='word_1_185' title='bbox 2242 3033 2311 3082; x_wconf 81' lang='lat'>25</span> 
     </span>
     <span class='ocr_line' id='line_1_28' title="bbox 177 3104 2202 3187; baseline 0 -19"><span class='ocrx_word' id='word_1_186' title='bbox 177 3110 293 3168; x_wconf 78' lang='lat' dir='ltr'>cilii</span> <span class='ocrx_word' id='word_1_187' title='bbox 338 3128 551 3169; x_wconf 88' lang='lat' dir='ltr'>uersus</span> <span class='ocrx_word' id='word_1_188' title='bbox 600 3109 939 3169; x_wconf 90' lang='lat' dir='ltr'>damnasset</span> <span class='ocrx_word' id='word_1_189' title='bbox 983 3110 1047 3167; x_wconf 87' lang='lat' dir='ltr'>in</span> <span class='ocrx_word' id='word_1_190' title='bbox 1093 3113 1297 3186; x_wconf 83' lang='lat' dir='ltr'>satyra</span> <span class='ocrx_word' id='word_1_191' title='bbox 1345 3104 1627 3186; x_wconf 77' lang='lat' dir='ltr'>‘Eupolis</span> <span class='ocrx_word' id='word_1_192' title='bbox 1675 3113 1854 3187; x_wconf 88' lang='lat' dir='ltr'>atque</span> <span class='ocrx_word' id='word_1_193' title='bbox 1893 3104 2202 3169; x_wconf 88' lang='lat' dir='ltr'>Cratinus&#39;</span> 
     </span>
    </p>
   </div>
   <div class='ocr_carea' id='block_1_9' title="bbox 175 3295 2210 3658">
    <p class='ocr_par' dir='ltr' id='par_1_10' title="bbox 354 3295 2206 3380">
     <span class='ocr_line' id='line_1_29' title="bbox 354 3295 2206 3380; baseline -0.002 -29"><span class='ocrx_word' id='word_1_194' title='bbox 354 3303 386 3351; x_wconf 89' lang='lat'>1</span> <span class='ocrx_word' id='word_1_195' title='bbox 425 3296 567 3365; x_wconf 85' lang='lat' dir='ltr'>quid</span> <span class='ocrx_word' id='word_1_196' title='bbox 607 3311 663 3350; x_wconf 89' lang='lat' dir='ltr'>e:</span> <span class='ocrx_word' id='word_1_197' title='bbox 704 3296 790 3368; x_wconf 73' lang='lat' dir='ltr'>ae]</span> <span class='ocrx_word' id='word_1_198' title='bbox 817 3295 1009 3380; x_wconf 34' lang='lat' dir='ltr'>‘Aliter</span> <span class='ocrx_word' id='word_1_199' title='bbox 1046 3297 1100 3351; x_wconf 90' lang='lat' dir='ltr'><strong><em>V</em></strong></span> <span class='ocrx_word' id='word_1_200' title='bbox 1145 3295 1235 3369; x_wconf 69' lang='lat' dir='ltr'>{sit</span> <span class='ocrx_word' id='word_1_201' title='bbox 1270 3296 1546 3351; x_wconf 85' lang='lat' dir='ltr'>antestari</span> <span class='ocrx_word' id='word_1_202' title='bbox 1582 3297 1612 3351; x_wconf 84' lang='lat' dir='ltr'><strong><em>b</em></strong></span> <span class='ocrx_word' id='word_1_203' title='bbox 1761 3366 1773 3379; x_wconf 44' lang='lat'><strong>·</strong></span> <span class='ocrx_word' id='word_1_204' title='bbox 1830 3302 1896 3350; x_wconf 84' lang='lat'>13</span> <span class='ocrx_word' id='word_1_205' title='bbox 1935 3295 2206 3349; x_wconf 84' lang='lat' dir='ltr'>antestari</span> 
     </span>
    </p>

    <p class='ocr_par' dir='ltr' id='par_1_11' title="bbox 175 3365 2205 3509">
     <span class='ocr_line' id='line_1_30' title="bbox 175 3365 2205 3509; baseline -0.001 -17"><span class='ocrx_word' id='word_1_206' title='bbox 175 3365 748 3508; x_wconf 55' lang='lat' dir='ltr'>s⁶f02511331⁰53ffiu„.</span> <span class='ocrx_word' id='word_1_207' title='bbox 812 3367 1198 3507; x_wconf 46' lang='grc' dir='ltr'>’ἓῗέῃὲἴέῥ</span> <span class='ocrx_word' id='word_1_208' title='bbox 1234 3369 1435 3493; x_wconf 49' lang='lat' dir='ltr'>“²&#39;oess</span> <span class='ocrx_word' id='word_1_209' title='bbox 1459 3366 2205 3509; x_wconf 51' lang='grc' dir='ltr'>ωεροῃῖιῖἐῗῗὲῇθὲἓὲἓὲ</span> 
     </span>
    </p>

    <p class='ocr_par' dir='ltr' id='par_1_12' title="bbox 186 3508 2210 3658">
     <span class='ocr_line' id='line_1_31' title="bbox 219 3508 2210 3592; baseline -0.001 -28"><span class='ocrx_word' id='word_1_210' title='bbox 219 3510 232 3521; x_wconf 87' lang='grc'><em>“</em></span> <span class='ocrx_word' id='word_1_211' title='bbox 322 3514 351 3564; x_wconf 89' lang='lat' dir='ltr'>t</span> <span class='ocrx_word' id='word_1_212' title='bbox 377 3511 413 3577; x_wconf 80' lang='lat' dir='ltr'><em>f</em></span> <span class='ocrx_word' id='word_1_213' title='bbox 430 3509 739 3579; x_wconf 83' lang='lat' dir='ltr'>respondet</span> <span class='ocrx_word' id='word_1_214' title='bbox 765 3512 834 3575; x_wconf 74' lang='grc' dir='ltr'>οξ</span> <span class='ocrx_word' id='word_1_215' title='bbox 857 3511 1060 3579; x_wconf 78' lang='lat' dir='ltr'>Porph.</span> <span class='ocrx_word' id='word_1_216' title='bbox 1208 3515 1275 3563; x_wconf 81' lang='lat'>26</span> <span class='ocrx_word' id='word_1_217' title='bbox 1307 3509 1630 3592; x_wconf 78' lang='lat' dir='ltr'>damnasset</span> <span class='ocrx_word' id='word_1_218' title='bbox 1656 3509 1810 3580; x_wconf 82' lang='lat' dir='ltr'>rLc]</span> <span class='ocrx_word' id='word_1_219' title='bbox 1848 3508 2152 3563; x_wconf 87' lang='lat' dir='ltr'>dannasset</span> <span class='ocrx_word' id='word_1_220' title='bbox 2178 3513 2210 3574; x_wconf 81' lang='grc' dir='ltr'><em>ζ</em></span> 
     </span>
     <span class='ocr_line' id='line_1_32' title="bbox 186 3578 1896 3658; baseline -0.001 -24"><span class='ocrx_word' id='word_1_221' title='bbox 186 3578 546 3658; x_wconf 75' lang='lat' dir='ltr'>dampnasset</span> <span class='ocrx_word' id='word_1_222' title='bbox 582 3587 697 3636; x_wconf 81' lang='lat' dir='ltr'>cett.</span> <span class='ocrx_word' id='word_1_223' title='bbox 847 3582 1044 3649; x_wconf 82' lang='lat' dir='ltr'>satyra</span> <span class='ocrx_word' id='word_1_224' title='bbox 1075 3581 1312 3652; x_wconf 65' lang='lat' dir='ltr'>ercg]</span> <span class='ocrx_word' id='word_1_225' title='bbox 1350 3583 1526 3635; x_wconf 76' lang='lat' dir='ltr'>satira</span> <span class='ocrx_word' id='word_1_226' title='bbox 1563 3601 1595 3649; x_wconf 77' lang='grc' dir='ltr'><em>γ</em></span> <span class='ocrx_word' id='word_1_227' title='bbox 1634 3582 1825 3634; x_wconf 87' lang='lat' dir='ltr'>satura</span> <span class='ocrx_word' id='word_1_228' title='bbox 1859 3582 1896 3648; x_wconf 80' lang='lat' dir='ltr'><strong><em>f</em></strong></span> 
     </span>
    </p>
   </div>
  </div>
 </body>
</html>
