<?xml version="1.0" encoding="UTF-8"?>
<!DOCTYPE html PUBLIC "-//W3C//DTD XHTML 1.0 Transitional//EN"
    "http://www.w3.org/TR/xhtml1/DTD/xhtml1-transitional.dtd">
<html xmlns="http://www.w3.org/1999/xhtml" xml:lang="en" lang="en">
 <head>
  <title>
</title>
<meta http-equiv="Content-Type" content="text/html;charset=utf-8" />
  <meta name='ocr-system' content='tesseract 3.04.00' />
  <meta name='ocr-capabilities' content='ocr_page ocr_carea ocr_par ocr_line ocrx_word'/>
</head>
<body>
  <div class='ocr_page' id='page_1' title='image "./pseudacronissch03kellgoog/pseudacronissch03kellgoog_0130.png"; bbox 0 0 2602 4013; ppageno 0'>
   <div class='ocr_carea' id='block_1_1' title="bbox 295 834 328 882">
    <p class='ocr_par' dir='ltr' id='par_1_1' title="bbox 295 834 328 882">
     <span class='ocr_line' id='line_1_1' title="bbox 295 834 328 882; baseline 0 0"><span class='ocrx_word' id='word_1_1' title='bbox 295 834 328 882; x_wconf 79' lang='lat'>15</span> 
     </span>
    </p>
   </div>
   <div class='ocr_carea' id='block_1_2' title="bbox 258 1314 325 1363">
    <p class='ocr_par' dir='ltr' id='par_1_2' title="bbox 258 1314 325 1363">
     <span class='ocr_line' id='line_1_2' title="bbox 258 1314 325 1363; baseline -0.015 0"><span class='ocrx_word' id='word_1_2' title='bbox 258 1314 325 1363; x_wconf 87' lang='grc'>10</span> 
     </span>
    </p>
   </div>
   <div class='ocr_carea' id='block_1_3' title="bbox 258 1793 323 1841">
    <p class='ocr_par' dir='ltr' id='par_1_3' title="bbox 258 1793 323 1841">
     <span class='ocr_line' id='line_1_3' title="bbox 258 1793 323 1841; baseline 0 0"><span class='ocrx_word' id='word_1_3' title='bbox 258 1793 323 1841; x_wconf 83' lang='grc'>15</span> 
     </span>
    </p>
   </div>
   <div class='ocr_carea' id='block_1_4' title="bbox 255 2240 323 2288">
    <p class='ocr_par' dir='ltr' id='par_1_4' title="bbox 255 2240 323 2288">
     <span class='ocr_line' id='line_1_4' title="bbox 255 2240 323 2288; baseline -0.015 0"><span class='ocrx_word' id='word_1_4' title='bbox 255 2240 323 2288; x_wconf 82' lang='lat'>20</span> 
     </span>
    </p>
   </div>
   <div class='ocr_carea' id='block_1_5' title="bbox 255 2720 323 2769">
    <p class='ocr_par' dir='ltr' id='par_1_5' title="bbox 255 2720 323 2769">
     <span class='ocr_line' id='line_1_5' title="bbox 255 2720 323 2769; baseline -0.015 0"><span class='ocrx_word' id='word_1_5' title='bbox 255 2720 323 2769; x_wconf 78' lang='lat'>25</span> 
     </span>
    </p>
   </div>
   <div class='ocr_carea' id='block_1_6' title="bbox 366 209 1747 277">
    <p class='ocr_par' dir='ltr' id='par_1_6' title="bbox 366 209 1747 277">
     <span class='ocr_line' id='line_1_6' title="bbox 366 209 1747 277; baseline -0.001 -14"><span class='ocrx_word' id='word_1_6' title='bbox 366 211 453 277; x_wconf 85' lang='lat'>80</span> <span class='ocrx_word' id='word_1_7' title='bbox 1026 209 1274 269; x_wconf 70' lang='lat' dir='ltr'>senon.</span> <span class='ocrx_word' id='word_1_8' title='bbox 1299 209 1438 265; x_wconf 78' lang='lat' dir='ltr'>r‘V</span> <span class='ocrx_word' id='word_1_9' title='bbox 1458 209 1538 263; x_wconf 78' lang='lat' dir='ltr'>m</span> <span class='ocrx_word' id='word_1_10' title='bbox 1575 209 1747 263; x_wconf 70' lang='lat' dir='ltr'>Hos.</span> 
     </span>
    </p>
   </div>
   <div class='ocr_carea' id='block_1_7' title="bbox 366 371 1667 584">
    <p class='ocr_par' dir='ltr' id='par_1_7' title="bbox 366 371 1667 584">
     <span class='ocr_line' id='line_1_7' title="bbox 366 371 961 460; baseline -0.002 -22"><span class='ocrx_word' id='word_1_11' title='bbox 366 372 542 460; x_wconf 77' lang='lat' dir='ltr'>(Aen.</span> <span class='ocrx_word' id='word_1_12' title='bbox 583 378 734 441; x_wconf 85' lang='lat' dir='ltr'><strong>VIII</strong></span> <span class='ocrx_word' id='word_1_13' title='bbox 774 371 961 460; x_wconf 80' lang='lat'>489):</span> 
     </span>
     <span class='ocr_line' id='line_1_8' title="bbox 687 494 1667 584; baseline 0 -23"><span class='ocrx_word' id='word_1_14' title='bbox 687 504 944 562; x_wconf 87' lang='lat' dir='ltr'>Infanda</span> <span class='ocrx_word' id='word_1_15' title='bbox 989 504 1288 562; x_wconf 88' lang='lat' dir='ltr'>furentem</span> <span class='ocrx_word' id='word_1_16' title='bbox 1335 494 1441 584; x_wconf 79' lang='grc' dir='ltr'>(Γ</span> <span class='ocrx_word' id='word_1_17' title='bbox 1453 503 1534 576; x_wconf 84' lang='lat' dir='ltr'>bf</span> <span class='ocrx_word' id='word_1_18' title='bbox 1545 503 1667 574; x_wconf 64' lang='lat' dir='ltr'><em>ch</em></span> 
     </span>
    </p>
   </div>
   <div class='ocr_carea' id='block_1_8' title="bbox 363 636 2418 1081">
    <p class='ocr_par' dir='ltr' id='par_1_8' title="bbox 363 636 2418 1081">
     <span class='ocr_line' id='line_1_9' title="bbox 547 636 2410 726; baseline -0.002 -20"><span class='ocrx_word' id='word_1_19' title='bbox 547 636 664 707; x_wconf 84' lang='lat'>44.</span> <span class='ocrx_word' id='word_1_20' title='bbox 712 644 751 720; x_wconf 61' lang='grc' dir='ltr'><strong>ξ</strong></span> <span class='ocrx_word' id='word_1_21' title='bbox 774 645 1001 713; x_wconf 78' lang='lat' dir='ltr'>Saltem</span> <span class='ocrx_word' id='word_1_22' title='bbox 1045 647 1149 704; x_wconf 78' lang='lat' dir='ltr'>tefi</span> <span class='ocrx_word' id='word_1_23' title='bbox 1193 636 1318 726; x_wconf 83' lang='grc' dir='ltr'>(ν)]</span> <span class='ocrx_word' id='word_1_24' title='bbox 1400 644 1531 704; x_wconf 91' lang='lat' dir='ltr'>Hoc</span> <span class='ocrx_word' id='word_1_25' title='bbox 1575 644 1767 704; x_wconf 89' lang='lat' dir='ltr'>solum</span> <span class='ocrx_word' id='word_1_26' title='bbox 1813 647 1919 719; x_wconf 87' lang='lat' dir='ltr'>est,</span> <span class='ocrx_word' id='word_1_27' title='bbox 1964 646 2165 719; x_wconf 89' lang='lat' dir='ltr'>inquit</span> <span class='ocrx_word' id='word_1_28' title='bbox 2208 644 2410 711; x_wconf 79' lang='lat' dir='ltr'>Hora-</span> 
     </span>
     <span class='ocr_line' id='line_1_10' title="bbox 364 733 2412 812; baseline -0 -20"><span class='ocrx_word' id='word_1_29' title='bbox 364 735 513 808; x_wconf 88' lang='lat' dir='ltr'>tius,</span> <span class='ocrx_word' id='word_1_30' title='bbox 589 734 748 809; x_wconf 90' lang='lat' dir='ltr'>quod</span> <span class='ocrx_word' id='word_1_31' title='bbox 817 736 1293 812; x_wconf 79' lang='lat' dir='ltr'>indignationem</span> <span class='ocrx_word' id='word_1_32' title='bbox 1356 737 1624 793; x_wconf 87' lang='lat' dir='ltr'>nostram</span> <span class='ocrx_word' id='word_1_33' title='bbox 1688 734 1949 808; x_wconf 83' lang='lat' dir='ltr'>cohibet,</span> <span class='ocrx_word' id='word_1_34' title='bbox 2013 733 2279 801; x_wconf 81' lang='lat' dir='ltr'>Nouium</span> <span class='ocrx_word' id='word_1_35' title='bbox 2340 735 2412 799; x_wconf 79' lang='lat' dir='ltr'>in</span> 
     </span>
     <span class='ocr_line' id='line_1_11' title="bbox 367 822 2410 900; baseline 0 -19"><span class='ocrx_word' id='word_1_36' title='bbox 367 825 628 898; x_wconf 75' lang='lat' dir='ltr'>equestri</span> <span class='ocrx_word' id='word_1_37' title='bbox 666 823 873 885; x_wconf 83' lang='lat' dir='ltr'>ordine</span> <span class='ocrx_word' id='word_1_38' title='bbox 909 822 1128 897; x_wconf 83' lang='lat' dir='ltr'>sedere,</span> <span class='ocrx_word' id='word_1_39' title='bbox 1167 824 1326 898; x_wconf 90' lang='lat' dir='ltr'>quod</span> <span class='ocrx_word' id='word_1_40' title='bbox 1363 823 1687 883; x_wconf 79' lang='lat' dir='ltr'>aduncatus</span> <span class='ocrx_word' id='word_1_41' title='bbox 1720 826 1811 889; x_wconf 80' lang='lat' dir='ltr'>est</span> <span class='ocrx_word' id='word_1_42' title='bbox 1838 826 1901 882; x_wconf 88' lang='lat' dir='ltr'>et</span> <span class='ocrx_word' id='word_1_43' title='bbox 1927 824 2090 889; x_wconf 77' lang='lat' dir='ltr'>uocis</span> <span class='ocrx_word' id='word_1_44' title='bbox 2117 841 2410 900; x_wconf 57' lang='lat' dir='ltr'>magnam</span> 
     </span>
     <span class='ocr_line' id='line_1_12' title="bbox 366 911 2411 989; baseline 0 -18"><span class='ocrx_word' id='word_1_45' title='bbox 366 914 475 971; x_wconf 86' lang='lat' dir='ltr'>aut</span> <span class='ocrx_word' id='word_1_46' title='bbox 517 914 645 988; x_wconf 88' lang='lat' dir='ltr'>ipse</span> <span class='ocrx_word' id='word_1_47' title='bbox 691 912 922 979; x_wconf 80' lang='lat' dir='ltr'>Nouius</span> <span class='ocrx_word' id='word_1_48' title='bbox 971 915 1060 971; x_wconf 89' lang='lat' dir='ltr'>ait</span> <span class='ocrx_word' id='word_1_49' title='bbox 1104 913 1267 977; x_wconf 84' lang='lat' dir='ltr'>clara</span> <span class='ocrx_word' id='word_1_50' title='bbox 1313 931 1484 975; x_wconf 86' lang='lat' dir='ltr'>uoce:</span> <span class='ocrx_word' id='word_1_51' title='bbox 1547 912 1762 973; x_wconf 86' lang='lat' dir='ltr'>saltem</span> <span class='ocrx_word' id='word_1_52' title='bbox 1804 911 1918 971; x_wconf 90' lang='lat' dir='ltr'>hoc</span> <span class='ocrx_word' id='word_1_53' title='bbox 1962 914 2216 986; x_wconf 78' lang='lat' dir='ltr'>stamus,</span> <span class='ocrx_word' id='word_1_54' title='bbox 2278 913 2411 989; x_wconf 87' lang='lat' dir='ltr'>qui,</span> 
     </span>
     <span class='ocr_line' id='line_1_13' title="bbox 363 992 2418 1081; baseline -0 -22"><span class='ocrx_word' id='word_1_55' title='bbox 363 1001 507 1069; x_wconf 86' lang='lat' dir='ltr'>licet</span> <span class='ocrx_word' id='word_1_56' title='bbox 552 1001 847 1075; x_wconf 79' lang='lat' dir='ltr'>aduocati,</span> <span class='ocrx_word' id='word_1_57' title='bbox 894 1004 1099 1069; x_wconf 79' lang='lat' dir='ltr'>tamen</span> <span class='ocrx_word' id='word_1_58' title='bbox 1142 1003 1209 1060; x_wconf 87' lang='lat' dir='ltr'>in</span> <span class='ocrx_word' id='word_1_59' title='bbox 1253 1001 1434 1069; x_wconf 79' lang='lat' dir='ltr'>XIIII</span> <span class='ocrx_word' id='word_1_60' title='bbox 1480 1000 1785 1061; x_wconf 89' lang='lat' dir='ltr'>ordinibus</span> <span class='ocrx_word' id='word_1_61' title='bbox 1831 1019 2032 1069; x_wconf 83' lang='lat' dir='ltr'>sumus</span> <span class='ocrx_word' id='word_1_62' title='bbox 2072 992 2221 1081; x_wconf 80' lang='lat' dir='ltr'>(P&#39;b</span> <span class='ocrx_word' id='word_1_63' title='bbox 2229 1001 2269 1073; x_wconf 83' lang='lat' dir='ltr'><strong><em>f</em></strong></span> <span class='ocrx_word' id='word_1_64' title='bbox 2282 1000 2372 1059; x_wconf 85' lang='lat' dir='ltr'>Vc</span> <span class='ocrx_word' id='word_1_65' title='bbox 2381 1002 2418 1072; x_wconf 82' lang='grc' dir='ltr'><strong><em>ζ</em></strong></span> 
     </span>
    </p>
   </div>
   <div class='ocr_carea' id='block_1_9' title="bbox 365 1106 2413 1277">
    <p class='ocr_par' dir='ltr' id='par_1_9' title="bbox 365 1106 2413 1277">
     <span class='ocr_line' id='line_1_14' title="bbox 365 1106 2413 1277; baseline -0.001 -110"><span class='ocrx_word' id='word_1_66' title='bbox 365 1188 392 1277; x_wconf 77' lang='lat'>(</span> <span class='ocrx_word' id='word_1_67' title='bbox 458 1106 712 1268; x_wconf 56' lang='grc' dir='ltr'>ὺξῩἾΞΙ</span> <span class='ocrx_word' id='word_1_68' title='bbox 781 1110 1026 1183; x_wconf 85' lang='lat' dir='ltr'>propter</span> <span class='ocrx_word' id='word_1_69' title='bbox 1097 1108 1208 1166; x_wconf 92' lang='lat' dir='ltr'>hoc</span> <span class='ocrx_word' id='word_1_70' title='bbox 1277 1126 1387 1167; x_wconf 91' lang='lat' dir='ltr'>nos</span> <span class='ocrx_word' id='word_1_71' title='bbox 1462 1108 1740 1181; x_wconf 87' lang='lat' dir='ltr'>delectet,</span> <span class='ocrx_word' id='word_1_72' title='bbox 1817 1106 1976 1182; x_wconf 89' lang='lat' dir='ltr'>quod</span> <span class='ocrx_word' id='word_1_73' title='bbox 2039 1108 2130 1167; x_wconf 80' lang='lat' dir='ltr'>est</span> <span class='ocrx_word' id='word_1_74' title='bbox 2195 1108 2413 1166; x_wconf 78' lang='lat' dir='ltr'>orator</span> 
     </span>
     <span class='ocr_line' id='line_1_15' title="bbox 394 1191 641 1254; baseline 0 0"><span class='ocrx_word' id='word_1_75' title='bbox 394 1191 474 1254; x_wconf 82' lang='lat' dir='ltr'>P&#39;</span> <span class='ocrx_word' id='word_1_76' title='bbox 611 1214 641 1254; x_wconf 88' lang='lat' dir='ltr'>c</span> 
     </span>
    </p>
   </div>
   <div class='ocr_carea' id='block_1_10' title="bbox 364 1294 2412 1471">
    <p class='ocr_par' dir='ltr' id='par_1_10' title="bbox 364 1294 2412 1471">
     <span class='ocr_line' id='line_1_16' title="bbox 364 1294 2412 1471; baseline -0 -110"><span class='ocrx_word' id='word_1_77' title='bbox 364 1382 493 1471; x_wconf 79' lang='lat' dir='ltr'>(Pb</span> <span class='ocrx_word' id='word_1_78' title='bbox 543 1295 658 1462; x_wconf 51' lang='lat'>{6⁸</span> <span class='ocrx_word' id='word_1_79' title='bbox 723 1302 1009 1362; x_wconf 79' lang='lat' dir='ltr'>*Rodunt</span> <span class='ocrx_word' id='word_1_80' title='bbox 1047 1294 1106 1385; x_wconf 85' lang='lat' dir='ltr'>(c</span> <span class='ocrx_word' id='word_1_81' title='bbox 1117 1296 1201 1385; x_wconf 83' lang='grc' dir='ltr'>ζ)]</span> <span class='ocrx_word' id='word_1_82' title='bbox 1281 1302 1594 1377; x_wconf 81' lang='lat' dir='ltr'>Lacerant,</span> <span class='ocrx_word' id='word_1_83' title='bbox 1641 1303 1801 1361; x_wconf 89' lang='lat' dir='ltr'>malo</span> <span class='ocrx_word' id='word_1_84' title='bbox 1849 1303 2087 1377; x_wconf 90' lang='lat' dir='ltr'>eloquio</span> <span class='ocrx_word' id='word_1_85' title='bbox 2124 1301 2412 1375; x_wconf 80' lang='lat' dir='ltr'>mordent</span> 
     </span>
     <span class='ocr_line' id='line_1_17' title="bbox 513 1408 542 1449; baseline 0 0"><span class='ocrx_word' id='word_1_86' title='bbox 513 1408 542 1449; x_wconf 85' lang='lat' dir='ltr'>c</span> 
     </span>
    </p>
   </div>
   <div class='ocr_carea' id='block_1_11' title="bbox 363 1490 2410 1667">
    <p class='ocr_par' dir='ltr' id='par_1_11' title="bbox 363 1490 2410 1667">
     <span class='ocr_line' id='line_1_18' title="bbox 540 1490 2410 1580; baseline 0.001 -25"><span class='ocrx_word' id='word_1_87' title='bbox 540 1490 657 1558; x_wconf 98' lang='grc'>47.</span> <span class='ocrx_word' id='word_1_88' title='bbox 740 1496 1104 1558; x_wconf 79' lang='lat' dir='ltr'>*Conuictor</span> <span class='ocrx_word' id='word_1_89' title='bbox 1169 1490 1227 1579; x_wconf 86' lang='lat' dir='ltr'>(c</span> <span class='ocrx_word' id='word_1_90' title='bbox 1237 1490 1323 1580; x_wconf 82' lang='grc' dir='ltr'>ζ)]</span> <span class='ocrx_word' id='word_1_91' title='bbox 1416 1498 1531 1556; x_wconf 92' lang='lat' dir='ltr'>Pro</span> <span class='ocrx_word' id='word_1_92' title='bbox 1598 1518 1693 1572; x_wconf 88' lang='lat' dir='ltr'>eo,</span> <span class='ocrx_word' id='word_1_93' title='bbox 1759 1497 1916 1573; x_wconf 90' lang='lat' dir='ltr'>quod</span> <span class='ocrx_word' id='word_1_94' title='bbox 1980 1500 2072 1557; x_wconf 88' lang='lat' dir='ltr'>est</span> <span class='ocrx_word' id='word_1_95' title='bbox 2140 1499 2410 1569; x_wconf 83' lang='lat' dir='ltr'>conuiua</span> 
     </span>
     <span class='ocr_line' id='line_1_19' title="bbox 363 1579 958 1667; baseline 0.002 -23"><span class='ocrx_word' id='word_1_96' title='bbox 363 1579 568 1667; x_wconf 72' lang='grc' dir='ltr'>(Γῦοξ</span> <span class='ocrx_word' id='word_1_97' title='bbox 602 1604 753 1646; x_wconf 76' lang='lat' dir='ltr'>cons,</span> <span class='ocrx_word' id='word_1_98' title='bbox 782 1587 891 1646; x_wconf 80' lang='lat' dir='ltr'>vF</span> <span class='ocrx_word' id='word_1_99' title='bbox 896 1588 958 1645; x_wconf 91' lang='lat' dir='ltr'><em>D</em></span> 
     </span>
    </p>
   </div>
   <div class='ocr_carea' id='block_1_12' title="bbox 360 1686 2410 2873">
    <p class='ocr_par' dir='ltr' id='par_1_12' title="bbox 360 1686 2410 2310">
     <span class='ocr_line' id='line_1_20' title="bbox 540 1686 2409 1775; baseline 0.001 -24"><span class='ocrx_word' id='word_1_100' title='bbox 540 1686 656 1755; x_wconf 92' lang='grc'>47.</span> <span class='ocrx_word' id='word_1_101' title='bbox 707 1687 826 1755; x_wconf 87' lang='grc'>48.</span> <span class='ocrx_word' id='word_1_102' title='bbox 874 1692 1017 1769; x_wconf 71' lang='lat' dir='ltr'>§At</span> <span class='ocrx_word' id='word_1_103' title='bbox 1062 1695 1208 1755; x_wconf 91' lang='lat' dir='ltr'>olim</span> <span class='ocrx_word' id='word_1_104' title='bbox 1246 1693 1405 1769; x_wconf 85' lang='lat' dir='ltr'>quod</span> <span class='ocrx_word' id='word_1_105' title='bbox 1445 1686 1558 1775; x_wconf 83' lang='lat' dir='ltr'>(c)]</span> <span class='ocrx_word' id='word_1_106' title='bbox 1644 1692 1860 1757; x_wconf 87' lang='lat' dir='ltr'>Sensus</span> <span class='ocrx_word' id='word_1_107' title='bbox 1896 1695 1961 1751; x_wconf 96' lang='lat' dir='ltr'>in</span> <span class='ocrx_word' id='word_1_108' title='bbox 1996 1693 2091 1753; x_wconf 88' lang='lat' dir='ltr'>his</span> <span class='ocrx_word' id='word_1_109' title='bbox 2128 1692 2409 1761; x_wconf 81' lang='lat' dir='ltr'>uersibus</span> 
     </span>
     <span class='ocr_line' id='line_1_21' title="bbox 362 1781 2408 1859; baseline 0.001 -19"><span class='ocrx_word' id='word_1_110' title='bbox 362 1783 509 1845; x_wconf 82' lang='lat' dir='ltr'>satis</span> <span class='ocrx_word' id='word_1_111' title='bbox 557 1782 854 1859; x_wconf 86' lang='lat' dir='ltr'>obscurus,</span> <span class='ocrx_word' id='word_1_112' title='bbox 906 1802 1116 1842; x_wconf 88' lang='lat' dir='ltr'>uerum</span> <span class='ocrx_word' id='word_1_113' title='bbox 1162 1785 1395 1843; x_wconf 89' lang='lat' dir='ltr'>ratione</span> <span class='ocrx_word' id='word_1_114' title='bbox 1441 1783 1552 1842; x_wconf 90' lang='lat' dir='ltr'>hac</span> <span class='ocrx_word' id='word_1_115' title='bbox 1598 1785 1798 1858; x_wconf 84' lang='lat' dir='ltr'>potest</span> <span class='ocrx_word' id='word_1_116' title='bbox 1841 1781 1972 1841; x_wconf 84' lang='lat' dir='ltr'>fieri</span> <span class='ocrx_word' id='word_1_117' title='bbox 2015 1783 2408 1849; x_wconf 80' lang='lat' dir='ltr'>manifestus:</span> 
     </span>
     <span class='ocr_line' id='line_1_22' title="bbox 361 1869 2408 1947; baseline 0.002 -20"><span class='ocrx_word' id='word_1_118' title='bbox 361 1872 615 1933; x_wconf 81' lang='lat' dir='ltr'>forsitan</span> <span class='ocrx_word' id='word_1_119' title='bbox 674 1872 1017 1941; x_wconf 72' lang='lat' dir='ltr'>tribunatus</span> <span class='ocrx_word' id='word_1_120' title='bbox 1072 1873 1223 1935; x_wconf 73' lang='lat' dir='ltr'>mihi</span> <span class='ocrx_word' id='word_1_121' title='bbox 1275 1872 1569 1932; x_wconf 84' lang='lat' dir='ltr'>inuidiam</span> <span class='ocrx_word' id='word_1_122' title='bbox 1622 1890 1832 1947; x_wconf 81' lang='lat' dir='ltr'>parere</span> <span class='ocrx_word' id='word_1_123' title='bbox 1889 1869 2186 1947; x_wconf 82' lang='lat' dir='ltr'>debuerit,</span> <span class='ocrx_word' id='word_1_124' title='bbox 2253 1890 2408 1946; x_wconf 86' lang='lat' dir='ltr'>quo-</span> 
     </span>
     <span class='ocr_line' id='line_1_23' title="bbox 360 1958 2410 2037; baseline -0 -17"><span class='ocrx_word' id='word_1_125' title='bbox 360 1962 526 2026; x_wconf 82' lang='lat' dir='ltr'>niam</span> <span class='ocrx_word' id='word_1_126' title='bbox 571 1961 846 2024; x_wconf 87' lang='lat' dir='ltr'>fortunae</span> <span class='ocrx_word' id='word_1_127' title='bbox 892 1961 1049 2022; x_wconf 87' lang='lat' dir='ltr'>bona</span> <span class='ocrx_word' id='word_1_128' title='bbox 1085 1964 1388 2030; x_wconf 81' lang='lat' dir='ltr'>merentur</span> <span class='ocrx_word' id='word_1_129' title='bbox 1423 1962 1733 2037; x_wconf 86' lang='lat' dir='ltr'>inuidiam,</span> <span class='ocrx_word' id='word_1_130' title='bbox 1782 1962 1924 2037; x_wconf 87' lang='lat' dir='ltr'>quia</span> <span class='ocrx_word' id='word_1_131' title='bbox 1962 1978 2102 2022; x_wconf 89' lang='lat' dir='ltr'>casu</span> <span class='ocrx_word' id='word_1_132' title='bbox 2140 1958 2410 2036; x_wconf 73' lang='lat' dir='ltr'>quodam</span> 
     </span>
     <span class='ocr_line' id='line_1_24' title="bbox 361 2050 2408 2128; baseline 0.002 -21"><span class='ocrx_word' id='word_1_133' title='bbox 361 2052 544 2117; x_wconf 82' lang='lat' dir='ltr'>etiam</span> <span class='ocrx_word' id='word_1_134' title='bbox 589 2051 824 2128; x_wconf 86' lang='lat' dir='ltr'>indigni</span> <span class='ocrx_word' id='word_1_135' title='bbox 866 2053 1226 2127; x_wconf 86' lang='lat' dir='ltr'>perueniunt</span> <span class='ocrx_word' id='word_1_136' title='bbox 1271 2051 1350 2110; x_wconf 89' lang='lat' dir='ltr'>ad</span> <span class='ocrx_word' id='word_1_137' title='bbox 1393 2052 1658 2111; x_wconf 87' lang='lat' dir='ltr'>honores.</span> <span class='ocrx_word' id='word_1_138' title='bbox 1750 2050 1960 2110; x_wconf 92' lang='lat' dir='ltr'>Virtus</span> <span class='ocrx_word' id='word_1_139' title='bbox 2006 2069 2148 2112; x_wconf 86' lang='lat' dir='ltr'>uero</span> <span class='ocrx_word' id='word_1_140' title='bbox 2197 2069 2408 2116; x_wconf 79' lang='lat' dir='ltr'>carere</span> 
     </span>
     <span class='ocr_line' id='line_1_25' title="bbox 362 2138 2409 2216; baseline 0.001 -19"><span class='ocrx_word' id='word_1_141' title='bbox 362 2138 537 2199; x_wconf 86' lang='lat' dir='ltr'>debet</span> <span class='ocrx_word' id='word_1_142' title='bbox 597 2142 855 2216; x_wconf 83' lang='lat' dir='ltr'>inuidia3</span> <span class='ocrx_word' id='word_1_143' title='bbox 927 2159 1105 2202; x_wconf 87' lang='lat' dir='ltr'>uerae</span> <span class='ocrx_word' id='word_1_144' title='bbox 1169 2142 1330 2199; x_wconf 90' lang='lat' dir='ltr'>enim</span> <span class='ocrx_word' id='word_1_145' title='bbox 1392 2142 1637 2202; x_wconf 88' lang='lat' dir='ltr'>uirtutis</span> <span class='ocrx_word' id='word_1_146' title='bbox 1703 2142 1793 2204; x_wconf 76' lang='lat' dir='ltr'>est</span> <span class='ocrx_word' id='word_1_147' title='bbox 1857 2141 1918 2206; x_wconf 82' lang='lat' dir='ltr'>et</span> <span class='ocrx_word' id='word_1_148' title='bbox 1983 2140 2133 2207; x_wconf 80' lang='lat' dir='ltr'>certi</span> <span class='ocrx_word' id='word_1_149' title='bbox 2195 2141 2409 2204; x_wconf 75' lang='lat' dir='ltr'>meriti</span> 
     </span>
     <span class='ocr_line' id='line_1_26' title="bbox 360 2220 2109 2310; baseline 0.001 -25"><span class='ocrx_word' id='word_1_150' title='bbox 360 2223 810 2305; x_wconf 86' lang='lat' dir='ltr'>M&lt;a&gt;ecenatis</span> <span class='ocrx_word' id='word_1_151' title='bbox 855 2230 1074 2288; x_wconf 86' lang='lat' dir='ltr'>iudicio</span> <span class='ocrx_word' id='word_1_152' title='bbox 1123 2229 1497 2303; x_wconf 84' lang='lat' dir='ltr'>comprobari</span> <span class='ocrx_word' id='word_1_153' title='bbox 1544 2220 1694 2310; x_wconf 72' lang='lat' dir='ltr'>(I&#39;f</span> <span class='ocrx_word' id='word_1_154' title='bbox 1706 2229 1827 2299; x_wconf 62' lang='lat' dir='ltr'><em>ch</em></span> <span class='ocrx_word' id='word_1_155' title='bbox 2077 2249 2109 2280; x_wconf 76' lang='grc' dir='ltr'><strong>ο</strong></span> 
     </span>
    </p>

    <p class='ocr_par' dir='ltr' id='par_1_13' title="bbox 361 2327 2407 2595">
     <span class='ocr_line' id='line_1_27' title="bbox 541 2327 2407 2416; baseline 0.001 -23"><span class='ocrx_word' id='word_1_156' title='bbox 541 2328 658 2396; x_wconf 84' lang='grc'>49.</span> <span class='ocrx_word' id='word_1_157' title='bbox 734 2335 1037 2404; x_wconf 80' lang='lat' dir='ltr'>Dissimile</span> <span class='ocrx_word' id='word_1_158' title='bbox 1083 2336 1195 2395; x_wconf 87' lang='lat' dir='ltr'>hoc</span> <span class='ocrx_word' id='word_1_159' title='bbox 1238 2337 1335 2394; x_wconf 88' lang='lat' dir='ltr'>illi</span> <span class='ocrx_word' id='word_1_160' title='bbox 1379 2338 1470 2394; x_wconf 90' lang='lat' dir='ltr'>est</span> <span class='ocrx_word' id='word_1_161' title='bbox 1516 2327 1639 2416; x_wconf 84' lang='grc' dir='ltr'>(ν)]</span> <span class='ocrx_word' id='word_1_162' title='bbox 1723 2335 1931 2395; x_wconf 83' lang='grc' dir='ltr'><strong>Ηοιιοι·</strong></span> <span class='ocrx_word' id='word_1_163' title='bbox 1975 2335 2232 2399; x_wconf 67' lang='lat' dir='ltr'>forsitan</span> <span class='ocrx_word' id='word_1_164' title='bbox 2277 2354 2407 2395; x_wconf 93' lang='lat' dir='ltr'>non</span> 
     </span>
     <span class='ocr_line' id='line_1_28' title="bbox 361 2424 2407 2502; baseline 0 -19"><span class='ocrx_word' id='word_1_165' title='bbox 361 2427 642 2483; x_wconf 86' lang='lat' dir='ltr'>conuenit</span> <span class='ocrx_word' id='word_1_166' title='bbox 702 2424 970 2486; x_wconf 84' lang='lat' dir='ltr'>libertini</span> <span class='ocrx_word' id='word_1_167' title='bbox 1031 2424 1155 2484; x_wconf 88' lang='lat' dir='ltr'>filio</span> <span class='ocrx_word' id='word_1_168' title='bbox 1169 2470 1184 2499; x_wconf 85' lang='lat'>‚</span> <span class='ocrx_word' id='word_1_169' title='bbox 1249 2426 1519 2484; x_wconf 86' lang='lat' dir='ltr'>amicitia</span> <span class='ocrx_word' id='word_1_170' title='bbox 1580 2426 1786 2502; x_wconf 85' lang='lat' dir='ltr'>magni</span> <span class='ocrx_word' id='word_1_171' title='bbox 1847 2425 1967 2483; x_wconf 90' lang='lat' dir='ltr'>uiri</span> <span class='ocrx_word' id='word_1_172' title='bbox 2031 2443 2215 2498; x_wconf 80' lang='lat' dir='ltr'>quare</span> <span class='ocrx_word' id='word_1_173' title='bbox 2277 2443 2407 2494; x_wconf 76' lang='lat' dir='ltr'>non</span> 
     </span>
     <span class='ocr_line' id='line_1_29' title="bbox 361 2505 1214 2595; baseline 0 -23"><span class='ocrx_word' id='word_1_174' title='bbox 361 2516 641 2572; x_wconf 90' lang='lat' dir='ltr'>conuenit</span> <span class='ocrx_word' id='word_1_175' title='bbox 687 2511 900 2573; x_wconf 75' lang='lat' dir='ltr'>docto?</span> <span class='ocrx_word' id='word_1_176' title='bbox 948 2505 1052 2595; x_wconf 77' lang='grc' dir='ltr'>(Γ</span> <span class='ocrx_word' id='word_1_177' title='bbox 1064 2515 1097 2571; x_wconf 89' lang='lat' dir='ltr'>b</span> <span class='ocrx_word' id='word_1_178' title='bbox 1107 2516 1145 2586; x_wconf 79' lang='lat' dir='ltr'><strong><em>f</em></strong></span> <span class='ocrx_word' id='word_1_179' title='bbox 1158 2514 1214 2572; x_wconf 92' lang='lat' dir='ltr'><strong><em>V</em></strong></span> 
     </span>
    </p>

    <p class='ocr_par' dir='ltr' id='par_1_14' title="bbox 360 2612 2406 2873">
     <span class='ocr_line' id='line_1_30' title="bbox 522 2612 2406 2701; baseline 0.001 -23"><span class='ocrx_word' id='word_1_180' title='bbox 522 2618 578 2695; x_wconf 64' lang='grc' dir='ltr'>ξ</span> <span class='ocrx_word' id='word_1_181' title='bbox 599 2619 752 2689; x_wconf 82' lang='lat' dir='ltr'>Quia</span> <span class='ocrx_word' id='word_1_182' title='bbox 816 2639 934 2680; x_wconf 94' lang='lat' dir='ltr'>non</span> <span class='ocrx_word' id='word_1_183' title='bbox 998 2622 1068 2678; x_wconf 88' lang='lat' dir='ltr'>ut</span> <span class='ocrx_word' id='word_1_184' title='bbox 1121 2621 1161 2678; x_wconf 84' lang='lat' dir='ltr'>f.</span> <span class='ocrx_word' id='word_1_185' title='bbox 1199 2621 1256 2678; x_wconf 88' lang='lat' dir='ltr'>h.</span> <span class='ocrx_word' id='word_1_186' title='bbox 1297 2612 1411 2701; x_wconf 85' lang='lat' dir='ltr'>(c)]</span> <span class='ocrx_word' id='word_1_187' title='bbox 1504 2619 1668 2679; x_wconf 87' lang='lat' dir='ltr'>Idest</span> <span class='ocrx_word' id='word_1_188' title='bbox 1732 2638 1851 2679; x_wconf 93' lang='lat' dir='ltr'>non</span> <span class='ocrx_word' id='word_1_189' title='bbox 1913 2620 2002 2679; x_wconf 86' lang='lat' dir='ltr'>ita</span> <span class='ocrx_word' id='word_1_190' title='bbox 2056 2621 2186 2677; x_wconf 87' lang='lat' dir='ltr'>iure</span> <span class='ocrx_word' id='word_1_191' title='bbox 2244 2621 2406 2679; x_wconf 83' lang='lat' dir='ltr'>mihi</span> 
     </span>
     <span class='ocr_line' id='line_1_31' title="bbox 361 2709 2404 2785; baseline 0 -18"><span class='ocrx_word' id='word_1_192' title='bbox 361 2709 660 2783; x_wconf 86' lang='lat' dir='ltr'>inuident,</span> <span class='ocrx_word' id='word_1_193' title='bbox 732 2709 890 2785; x_wconf 90' lang='lat' dir='ltr'>quod</span> <span class='ocrx_word' id='word_1_194' title='bbox 954 2728 1085 2769; x_wconf 91' lang='lat' dir='ltr'>sum</span> <span class='ocrx_word' id='word_1_195' title='bbox 1148 2711 1286 2769; x_wconf 91' lang='lat' dir='ltr'>tuus</span> <span class='ocrx_word' id='word_1_196' title='bbox 1354 2711 1578 2768; x_wconf 89' lang='lat' dir='ltr'>amicus</span> <span class='ocrx_word' id='word_1_197' title='bbox 1643 2711 1703 2767; x_wconf 88' lang='lat' dir='ltr'>et</span> <span class='ocrx_word' id='word_1_198' title='bbox 1767 2710 2046 2783; x_wconf 84' lang='lat' dir='ltr'>conuiua,</span> <span class='ocrx_word' id='word_1_199' title='bbox 2114 2710 2404 2783; x_wconf 85' lang='lat' dir='ltr'>quemad-</span> 
     </span>
     <span class='ocr_line' id='line_1_32' title="bbox 360 2797 2404 2873; baseline 0.001 -17"><span class='ocrx_word' id='word_1_200' title='bbox 360 2797 602 2862; x_wconf 90' lang='lat' dir='ltr'>modum</span> <span class='ocrx_word' id='word_1_201' title='bbox 654 2801 784 2857; x_wconf 90' lang='lat' dir='ltr'>iure</span> <span class='ocrx_word' id='word_1_202' title='bbox 841 2799 1093 2860; x_wconf 85' lang='lat' dir='ltr'>fortasse</span> <span class='ocrx_word' id='word_1_203' title='bbox 1148 2799 1447 2873; x_wconf 88' lang='lat' dir='ltr'>inuident‚</span> <span class='ocrx_word' id='word_1_204' title='bbox 1506 2798 1663 2873; x_wconf 91' lang='lat' dir='ltr'>quod</span> <span class='ocrx_word' id='word_1_205' title='bbox 1719 2797 1808 2855; x_wconf 79' lang='lat' dir='ltr'>fui</span> <span class='ocrx_word' id='word_1_206' title='bbox 1851 2797 2143 2856; x_wconf 90' lang='lat' dir='ltr'>tribunus.</span> <span class='ocrx_word' id='word_1_207' title='bbox 2235 2798 2404 2865; x_wconf 79' lang='lat' dir='ltr'>Nam</span> 
     </span>
    </p>
   </div>
   <div class='ocr_carea' id='block_1_13' title="bbox 360 2886 2402 3057">
    <p class='ocr_par' dir='ltr' id='par_1_15' title="bbox 360 2886 2402 3057">
     <span class='ocr_line' id='line_1_33' title="bbox 362 2886 2402 2961; baseline 0.001 -16"><span class='ocrx_word' id='word_1_208' title='bbox 362 2886 438 2945; x_wconf 93' lang='lat' dir='ltr'>ad</span> <span class='ocrx_word' id='word_1_209' title='bbox 502 2889 831 2947; x_wconf 82' lang='lat' dir='ltr'>amicitiam</span> <span class='ocrx_word' id='word_1_210' title='bbox 895 2890 1064 2946; x_wconf 90' lang='lat' dir='ltr'>tuam</span> <span class='ocrx_word' id='word_1_211' title='bbox 1127 2907 1247 2946; x_wconf 89' lang='lat' dir='ltr'>non</span> <span class='ocrx_word' id='word_1_212' title='bbox 1312 2888 1627 2961; x_wconf 86' lang='lat' dir='ltr'>felicitate,</span> <span class='ocrx_word' id='word_1_213' title='bbox 1693 2886 1796 2946; x_wconf 89' lang='lat' dir='ltr'>sed</span> <span class='ocrx_word' id='word_1_214' title='bbox 1857 2888 2069 2946; x_wconf 87' lang='lat' dir='ltr'>merito</span> <span class='ocrx_word' id='word_1_215' title='bbox 2128 2889 2402 2961; x_wconf 81' lang='lat' dir='ltr'>perueni.</span> 
     </span>
     <span class='ocr_line' id='line_1_34' title="bbox 360 2967 2313 3057; baseline -0.001 -23"><span class='ocrx_word' id='word_1_216' title='bbox 360 2975 664 3042; x_wconf 81' lang='lat' dir='ltr'>Felicitati</span> <span class='ocrx_word' id='word_1_217' title='bbox 710 2980 910 3035; x_wconf 86' lang='lat' dir='ltr'>autem</span> <span class='ocrx_word' id='word_1_218' title='bbox 956 2976 1347 3035; x_wconf 82' lang='lat' dir='ltr'>inuidendum</span> <span class='ocrx_word' id='word_1_219' title='bbox 1394 2979 1499 3051; x_wconf 88' lang='lat' dir='ltr'>est,</span> <span class='ocrx_word' id='word_1_220' title='bbox 1547 2996 1668 3035; x_wconf 92' lang='lat' dir='ltr'>non</span> <span class='ocrx_word' id='word_1_221' title='bbox 1711 2977 1925 3038; x_wconf 87' lang='lat' dir='ltr'>merito</span> <span class='ocrx_word' id='word_1_222' title='bbox 1974 2967 2080 3057; x_wconf 79' lang='lat' dir='ltr'>(P&#39;</span> <span class='ocrx_word' id='word_1_223' title='bbox 2093 2975 2125 3032; x_wconf 85' lang='lat' dir='ltr'><strong><em>b</em></strong></span> <span class='ocrx_word' id='word_1_224' title='bbox 2134 2976 2173 3048; x_wconf 82' lang='lat' dir='ltr'><strong><em>f</em></strong></span> <span class='ocrx_word' id='word_1_225' title='bbox 2187 2976 2313 3047; x_wconf 61' lang='lat' dir='ltr'>ch&#39;</span> 
     </span>
    </p>
   </div>
   <div class='ocr_carea' id='block_1_14' title="bbox 360 3163 2403 3663">
    <p class='ocr_par' dir='ltr' id='par_1_16' title="bbox 360 3163 2403 3663">
     <span class='ocr_line' id='line_1_35' title="bbox 544 3163 2401 3227; baseline 0 -10"><span class='ocrx_word' id='word_1_226' title='bbox 544 3169 572 3217; x_wconf 81' lang='lat'><strong>7</strong></span> <span class='ocrx_word' id='word_1_227' title='bbox 614 3163 880 3218; x_wconf 87' lang='lat' dir='ltr'>aduocati</span> <span class='ocrx_word' id='word_1_228' title='bbox 943 3163 1209 3218; x_wconf 86' lang='lat' dir='ltr'>aduocati</span> <span class='ocrx_word' id='word_1_229' title='bbox 1245 3180 1450 3217; x_wconf 91' lang='lat' dir='ltr'>nomen</span> <span class='ocrx_word' id='word_1_230' title='bbox 1486 3164 1698 3218; x_wconf 86' lang='lat' dir='ltr'>habeat</span> <span class='ocrx_word' id='word_1_231' title='bbox 1732 3166 1801 3227; x_wconf 76' lang='grc' dir='ltr'>οζ</span> <span class='ocrx_word' id='word_1_232' title='bbox 1982 3164 2174 3216; x_wconf 88' lang='lat' dir='ltr'>tamen</span> <span class='ocrx_word' id='word_1_233' title='bbox 2204 3194 2274 3202; x_wconf 88' lang='lat'>—</span> <span class='ocrx_word' id='word_1_234' title='bbox 2306 3181 2401 3217; x_wconf 88' lang='lat' dir='ltr'>su-</span> 
     </span>
     <span class='ocr_line' id='line_1_36' title="bbox 360 3232 2403 3307; baseline 0.002 -20"><span class='ocrx_word' id='word_1_235' title='bbox 360 3235 507 3307; x_wconf 76' lang='lat' dir='ltr'>mus]</span> <span class='ocrx_word' id='word_1_236' title='bbox 547 3237 738 3289; x_wconf 87' lang='lat' dir='ltr'>tamen</span> <span class='ocrx_word' id='word_1_237' title='bbox 775 3235 836 3288; x_wconf 91' lang='lat' dir='ltr'>in</span> <span class='ocrx_word' id='word_1_238' title='bbox 1023 3235 1045 3265; x_wconf 89' lang='lat'><strong>⁰</strong></span> <span class='ocrx_word' id='word_1_239' title='bbox 1071 3235 1253 3305; x_wconf 82' lang='lat' dir='ltr'>gradu</span> <span class='ocrx_word' id='word_1_240' title='bbox 1279 3234 1497 3288; x_wconf 78' lang='lat' dir='ltr'>locatus</span> <span class='ocrx_word' id='word_1_241' title='bbox 1527 3236 1615 3288; x_wconf 87' lang='lat' dir='ltr'>est</span> <span class='ocrx_word' id='word_1_242' title='bbox 1639 3250 1669 3288; x_wconf 88' lang='lat' dir='ltr'>c</span> <span class='ocrx_word' id='word_1_243' title='bbox 1694 3237 1839 3298; x_wconf 66' lang='lat' dir='ltr'>cml:</span> <span class='ocrx_word' id='word_1_244' title='bbox 1978 3238 2011 3287; x_wconf 92' lang='grc'>8</span> <span class='ocrx_word' id='word_1_245' title='bbox 2039 3232 2158 3305; x_wconf 88' lang='lat' dir='ltr'>uel]</span> <span class='ocrx_word' id='word_1_246' title='bbox 2188 3234 2345 3288; x_wconf 84' lang='lat' dir='ltr'>idest</span> <span class='ocrx_word' id='word_1_247' title='bbox 2371 3253 2403 3291; x_wconf 90' lang='lat' dir='ltr'>c</span> 
     </span>
     <span class='ocr_line' id='line_1_37' title="bbox 361 3306 2328 3375; baseline 0 -15"><span class='ocrx_word' id='word_1_248' title='bbox 361 3306 525 3361; x_wconf 86' lang='lat' dir='ltr'>adest</span> <span class='ocrx_word' id='word_1_249' title='bbox 561 3312 612 3374; x_wconf 75' lang='grc' dir='ltr'>ζς</span> <span class='ocrx_word' id='word_1_250' title='bbox 650 3308 714 3360; x_wconf 77' lang='lat' dir='ltr'>in</span> <span class='ocrx_word' id='word_1_251' title='bbox 748 3311 816 3370; x_wconf 76' lang='grc' dir='ltr'>οζ</span> <span class='ocrx_word' id='word_1_252' title='bbox 847 3307 945 3360; x_wconf 82' lang='lat' dir='ltr'>hoc</span> <span class='ocrx_word' id='word_1_253' title='bbox 981 3306 1141 3360; x_wconf 82' lang='lat' dir='ltr'>schol.</span> <span class='ocrx_word' id='word_1_254' title='bbox 1172 3309 1236 3359; x_wconf 76' lang='lat' dir='ltr'>in</span> <span class='ocrx_word' id='word_1_255' title='bbox 1262 3307 1546 3375; x_wconf 75' lang='lat' dir='ltr'>principz‘o</span> <span class='ocrx_word' id='word_1_256' title='bbox 1582 3306 1943 3360; x_wconf 73' lang='lat' dir='ltr'>antecedentis</span> <span class='ocrx_word' id='word_1_257' title='bbox 1970 3306 2216 3374; x_wconf 79' lang='lat' dir='ltr'>positum</span> <span class='ocrx_word' id='word_1_258' title='bbox 2247 3313 2328 3361; x_wconf 82' lang='lat' dir='ltr'>est</span> 
     </span>
     <span class='ocr_line' id='line_1_38' title="bbox 363 3375 2399 3448; baseline 0 -17"><span class='ocrx_word' id='word_1_259' title='bbox 363 3383 430 3431; x_wconf 88' lang='grc'>10</span> <span class='ocrx_word' id='word_1_260' title='bbox 468 3377 617 3432; x_wconf 89' lang='lat' dir='ltr'>malo</span> <span class='ocrx_word' id='word_1_261' title='bbox 657 3377 903 3448; x_wconf 89' lang='lat' dir='ltr'>eloquio]</span> <span class='ocrx_word' id='word_1_262' title='bbox 943 3375 1275 3446; x_wconf 88' lang='lat' dir='ltr'>maliloquio</span> <span class='ocrx_word' id='word_1_263' title='bbox 1313 3381 1381 3441; x_wconf 76' lang='grc' dir='ltr'>οζ</span> <span class='ocrx_word' id='word_1_264' title='bbox 1521 3376 1803 3447; x_wconf 85' lang='lat' dir='ltr'>mordent]</span> <span class='ocrx_word' id='word_1_265' title='bbox 1842 3393 1942 3431; x_wconf 83' lang='lat' dir='ltr'>om.</span> <span class='ocrx_word' id='word_1_266' title='bbox 1971 3380 2042 3440; x_wconf 78' lang='grc' dir='ltr'>οζ</span> <span class='ocrx_word' id='word_1_267' title='bbox 2184 3383 2250 3430; x_wconf 83' lang='lat'>12</span> <span class='ocrx_word' id='word_1_268' title='bbox 2292 3395 2399 3446; x_wconf 89' lang='lat' dir='ltr'>pro</span> 
     </span>
     <span class='ocr_line' id='line_1_39' title="bbox 360 3448 2400 3520; baseline 0 -18"><span class='ocrx_word' id='word_1_269' title='bbox 360 3464 427 3502; x_wconf 92' lang='lat' dir='ltr'>eo</span> <span class='ocrx_word' id='word_1_270' title='bbox 472 3448 625 3516; x_wconf 91' lang='lat' dir='ltr'>quod</span> <span class='ocrx_word' id='word_1_271' title='bbox 671 3449 780 3520; x_wconf 85' lang='lat' dir='ltr'>est]</span> <span class='ocrx_word' id='word_1_272' title='bbox 820 3466 920 3512; x_wconf 77' lang='lat' dir='ltr'>om.</span> <span class='ocrx_word' id='word_1_273' title='bbox 951 3448 1122 3503; x_wconf 78' lang='lat' dir='ltr'>vFD</span> <span class='ocrx_word' id='word_1_274' title='bbox 1341 3454 1407 3502; x_wconf 82' lang='lat'>14</span> <span class='ocrx_word' id='word_1_275' title='bbox 1446 3465 1640 3502; x_wconf 86' lang='lat' dir='ltr'>sensus</span> <span class='ocrx_word' id='word_1_276' title='bbox 1686 3450 1774 3501; x_wconf 90' lang='lat' dir='ltr'>est</span> <span class='ocrx_word' id='word_1_277' title='bbox 1808 3452 1877 3513; x_wconf 68' lang='lat' dir='ltr'>cg</span> <span class='ocrx_word' id='word_1_278' title='bbox 2091 3453 2156 3500; x_wconf 82' lang='lat'>16</span> <span class='ocrx_word' id='word_1_279' title='bbox 2194 3464 2400 3517; x_wconf 85' lang='lat' dir='ltr'>parere</span> 
     </span>
     <span class='ocr_line' id='line_1_40' title="bbox 360 3518 2326 3591; baseline 0 -18"><span class='ocrx_word' id='word_1_280' title='bbox 360 3520 469 3585; x_wconf 59' lang='grc' dir='ltr'>νίν</span> <span class='ocrx_word' id='word_1_281' title='bbox 481 3521 588 3591; x_wconf 69' lang='grc' dir='ltr'>Ῡζ]</span> <span class='ocrx_word' id='word_1_282' title='bbox 637 3535 838 3589; x_wconf 84' lang='lat' dir='ltr'>parare</span> <span class='ocrx_word' id='word_1_283' title='bbox 876 3536 970 3588; x_wconf 71' lang='lat'>703</span> <span class='ocrx_word' id='word_1_284' title='bbox 1026 3518 1300 3582; x_wconf 85' lang='lat' dir='ltr'>inuidiam</span> <span class='ocrx_word' id='word_1_285' title='bbox 1349 3536 1546 3588; x_wconf 87' lang='lat' dir='ltr'>parere</span> <span class='ocrx_word' id='word_1_286' title='bbox 1596 3520 1956 3574; x_wconf 75' lang='lat' dir='ltr'>Ciceroniana</span> <span class='ocrx_word' id='word_1_287' title='bbox 1999 3519 2199 3576; x_wconf 73' lang='lat' dir='ltr'>locutio</span> <span class='ocrx_word' id='word_1_288' title='bbox 2245 3526 2326 3574; x_wconf 80' lang='lat' dir='ltr'>est</span> 
     </span>
     <span class='ocr_line' id='line_1_41' title="bbox 363 3591 1655 3663; baseline 0.001 -19"><span class='ocrx_word' id='word_1_289' title='bbox 363 3597 431 3644; x_wconf 82' lang='lat'>24</span> <span class='ocrx_word' id='word_1_290' title='bbox 469 3591 641 3661; x_wconf 90' lang='lat' dir='ltr'>idest]</span> <span class='ocrx_word' id='word_1_291' title='bbox 682 3608 781 3646; x_wconf 86' lang='lat' dir='ltr'>om.</span> <span class='ocrx_word' id='word_1_292' title='bbox 812 3595 882 3655; x_wconf 75' lang='grc' dir='ltr'>οζ</span> <span class='ocrx_word' id='word_1_293' title='bbox 1023 3591 1168 3663; x_wconf 91' lang='lat' dir='ltr'>iure]</span> <span class='ocrx_word' id='word_1_294' title='bbox 1206 3606 1340 3644; x_wconf 91' lang='lat' dir='ltr'>uere</span> <span class='ocrx_word' id='word_1_295' title='bbox 1379 3595 1402 3643; x_wconf 77' lang='lat' dir='ltr'><strong>t</strong></span> <span class='ocrx_word' id='word_1_296' title='bbox 1438 3591 1561 3644; x_wconf 90' lang='lat' dir='ltr'>iure</span> <span class='ocrx_word' id='word_1_297' title='bbox 1602 3591 1655 3645; x_wconf 90' lang='lat' dir='ltr'><strong><em>V</em></strong></span> 
     </span>
    </p>
   </div>
  </div>
 </body>
</html>
