2602 4013
992 234 1214 288 EPIST.
1243 234 1270 287 1
1299 239 1365 288 16
2060 234 2194 299 261

200 403 334 462 fures
382 404 681 464 lauatores
737 405 1032 464 dicuntur.
1121 403 1332 463 Preces
1389 405 1513 462 eius
1570 421 1704 461 cum
1749 403 1987 461 silentio
2033 422 2195 461 exer·-

175 483 377 550 'centur
421 485 541 573 (Pb
551 496 590 566 f

349 575 459 643 65.
536 583 924 660 Syllogistica
968 583 1281 642 conclusio,
1374 579 1579 639 Omnis
1627 582 1813 655 enim,
1858 580 1965 655 qui
2011 582 2194 655 cupit,

197 672 482 744 postquam
530 670 779 748 adeptus
817 672 1015 745 fuerit,
1062 671 1276 729 metuit
1315 670 1588 729 amittere
1624 669 1794 727 illud.
1866 669 1950 727 Et
1985 671 2194 736 notum

199 760 291 832 est,
333 763 471 834 quia
515 779 721 820 seruus
766 760 968 836 timett,
1014 762 1075 818 et
1117 759 1279 834 ideo,
1328 760 1434 834 qui
1478 760 1680 832 timet,
1725 777 1844 816 non
1890 760 1981 816 est
2025 758 2195 831 liber,
2257 769 2300 819 ‘5

198 847 280 906 sed
318 867 518 907 seruus
568 841 654 929 (Γ
659 842 676 865 ’
690 849 746 909 V

348 931 465 998 68.
539 933 912 1015 *<01)1·1111;111·
956 930 1095 1015 re>]
1179 934 1521 1012 Occupatur
1565 936 1794 995 diuitiis
1842 928 1946 1016 (P'

346 1019 474 1086 69.
536 1027 845 1105 Allegoria
890 1029 1004 1085 est:
1051 1045 1192 1085 nam
1237 1027 1545 1102 captiuum
1589 1025 1762 1083 illum
1806 1025 1939 1083 uult
1983 1023 2194 1098 uideri,

199 1115 284 1188 qui
305 1117 587 1190 pecuniae
614 1116 916 1191 parandae
944 1117 1185 1174 seruiat.
1260 1113 1504 1174 Sensus:
1548 1114 1722 1188 hunc,
1750 1115 1964 1189 inquit,
1992 1115 2194 1187 talem,

197 1203 282 1277 qui
336 1205 619 1280 pecuniae
684 1207 929 1279 seruiet,
1002 1206 1207 1280 patere
1243 1205 1342 1262 ·ut
1405 1221 1642 1262 seruum
1688 1203 1977 1262 laborare.
2085 1203 2197 1262 Est
2235 1213 2301 1261 10

195 1293 330 1350 enim
372 1296 431 1352 et
464 1294 804 1353 huiusmodi
838 1293 1149 1352 hominum
1186 1292 1406 1367 aliquis
1442 1310 1599 1366 usus,
1646 1295 1708 1350 et
1744 1294 1901 1350 certe
1939 1295 2193 1367 prosunt

194 1380 308 1440 aliis
348 1385 537 1460 magis
583 1402 764 1458 quam
811 1381 926 1441 sibi
960 1385 1032 1441 ut
1066 1383 1381 1457 mancipia.
1464 1381 1592 1456 Ille,
1636 1382 1853 1456 inquit,
1898 1383 2044 1456 aret,
2089 1380 2191 1439 ille

192 1471 436 1635 1(1auiget‚
517 1491 788 1531 annonae
869 1473 1087 1547 prositr,
1167 1471 1321 1529 tales
1404 1472 1562 1529 enim
1642 1470 1897 1549 populus
1979 1470 2194 1545 probat

355 1641 464 1709 72.
513 1648 850 1726 *Virgilius
900 1641 1144 1728 (AemkI
1185 1639 1369 1726 704):
2235 1657 2300 1705 15

483 1772 714 1831 Penum
761 1775 984 1832 struere

197 1932 231 1971 a
265 1917 622 1974 nominatiuo
670 1909 802 1974 ‘hic
847 1910 1065 1990 penus'
1118 1907 1239 1995 (Pb

351 1996 462 2065 73.
546 2005 714 2064 Tulit
768 2006 965 2065 locum
1010 2004 1082 2063 de
1126 2003 1451 2082 tragoedia.
1544 2003 1855 2063 Inducitur
1900 2001 2194 2061 Pentheus

195 2094 461 2166 quendam
515 2094 758 2153 tradens
806 2095 882 2152 ad
926 2113 1204 2169 poenam,
1260 2093 1390 2169 qui,
1448 2094 1590 2151 dum
1637 2093 1739 2151 diu
1784 2092 2196 2165 reluctaretur,

194 2182 406 2241 tandem
462 2185 577 2242 ait:
642 2183 786 2242 deus
832 2203 952 2258 me,
1008 2202 1142 2241 cum
1188 2183 1356 2256 uolo,
1411 2183 1619 2241 soluet.
1712 2181 1820 2239 Ait
1864 2184 2070 2256 poeta,
2135 2183 2194 2238 et
2231 2190 2302 2239 20

192 2273 340 2343 puto:
401 2272 515 2331 hoc
570 2274 777 2347 sentit,
833 2273 1021 2330 morte
1077 2290 1137 2330 se
1191 2290 1363 2346 posse
1409 2272 1676 2344 liberari,
1736 2270 2019 2346 quoniam
2067 2270 2196 2327 sola

193 2357 314 2418 haec
372 2361 640 2420 omnium
703 2355 851 2440 [est]
907 2360 1041 2419 finis
1097 2361 1408 2419 malorum.
1501 2360 1583 2417 Et
1635 2378 1790 2418 nunc
1845 2359 2197 2434 metaphora

193 2450 266 2506 est
314 2469 349 2508 a
395 2449 640 2523 Libero3
704 2452 790 2508 sic
845 2468 984 2527 ergo
1040 2450 1275 2524 sapiens
1331 2449 1488 2508 ridet
1542 2451 1736 2507 minas
1786 2450 2061 2525 tyranni,
2125 2450 2196 2506 ut
2296 2493 2301 2526 s

190 2535 325 2596 deus.
397 2538 552 2597 Item
592 2537 791 2597 aliter:
843 2539 1001 2597 solus
1041 2540 1274 2614 sapiens
1313 2537 1467 2596 liber
1495 2540 1609 2611 est3
1646 2536 1830 2595 refert
1858 2538 2192 2613 exemplum

189 2642 246 2682 ex
276 2627 520 2686 Bacchis
557 2627 862 2704 Euripidis
910 2618 1341 2707 (492—498),
1387 2627 1450 2684 in
1498 2619 1711 2701 quibus
1748 2627 1980 2685 inducit
2014 2629 2195 2702 poeta
2230 2635 2302 2683 25

187 2711 446 2775 Liberum
511 2717 753 2775 Patrem
816 2713 1111 2774 dicentem
1169 2715 1431 2775 Pentheo
1495 2715 1765 2775 uinctum
1821 2710 1907 2773 se‘
1937 2716 2194 2796 tenenti:

189 2804 311 2877 quid
356 2809 473 2879 est,
527 2806 687 2880 quod
732 2824 826 2863 me
873 2807 1063 2880 possis
1110 2822 1318 2881 cogere
1364 2802 1536 2880 pati?
1627 2798 1940 2862 ‘Adimam
1983 2799 2195 2863 bona'.

185 2891 415 2953 Auferas
490 2894 649 2952 licet.
742 2888 1101 2952 ‘Vinciam'.
1192 2893 1355 2952 Deus
1428 2913 1521 2951 me
1586 2894 1805 2967 soluet,
1878 2910 2036 2951 mors
2100 2911 2194 2950 me

339 3122 371 3169 3
413 3115 543 3185 syll:
587 3116 640 3186 r]
680 3114 773 3169 sil:
813 3137 846 3185 γ
885 3115 1001 3170 sill:
1042 3115 1141 3169 vV
1313 3114 1486 3185 enim]
1525 3115 1693 3169 omV
1874 3119 1906 3166 5
1945 3116 2002 3167 et
2038 3112 2190 3185 ideo]

184 3199 306 3239 om.r
448 3186 572 3258 (1111]
603 3187 737 3255 quia
757 3188 856 3255 yV
956 3219 966 3228 -r
989 3203 1102 3239 non
1132 3186 1239 3257 est]
1268 3186 1384 3240 iam
1411 3204 1522 3240 non
1543 3188 1629 3240 est
1646 3202 1677 3237 r
1821 3190 1852 3239 8
1873 3184 2068 3253 captifi
2089 3204 2121 3237 ν

183 3255 354 3313 uidere
389 3260 514 3325 vbf
529 3259 581 3311 V
780 3264 811 3310 9
851 3257 1062 3312 seruiat
1088 3290 1159 3297 —
1185 3257 1483 3327 pecuniae]
1522 3256 1689 3311 om.V
1883 3261 1948 3309 10
1987 3255 2197 3313 seruiet

185 3326 398 3401 P'EV]
438 3328 652 3384 seruiat
688 3330 765 3395 bf
918 3334 983 3382 21
1025 3328 1145 3382 sola
1181 3329 1322 3382 haec
1361 3328 1612 3382 omnium
1647 3327 1774 3380 finis
1814 3327 1866 3380 V
1898 3326 2017 3379 sola
2052 3327 2194 3380 haec

185 3399 412 3454 omnium
459 3403 547 3455 est
583 3399 711 3453 finis
739 3402 810 3455 rb
847 3399 969 3453 sola
1004 3400 1110 3454 hec
1146 3402 1232 3454 est
1269 3399 1396 3453 finis
1436 3399 1686 3452 omnium
1715 3420 1748 3453 ν
1786 3398 2035 3452 omnium
2074 3397 2197 3454 sola.

184 3466 303 3524 haec
347 3474 433 3527 est
479 3471 609 3524 finis
648 3492 680 3540 y
728 3470 848 3525 sola
893 3471 997 3525 hec
1035 3471 1285 3524 omnium
1324 3470 1450 3523 finis
1489 3473 1575 3524 est
1610 3471 1646 3535 f
1852 3475 1920 3523 24
1955 3469 2095 3524 item
2125 3498 2193 3509 —-

186 3541 388 3614 quibus]
426 3560 528 3597 om.
545 3543 599 3597 V
735 3548 802 3595 26
838 3542 1117 3613 uinctum]
1155 3542 1372 3597 uictum
1410 3561 1442 3610 γ
1479 3542 1733 3595 iunctum
1770 3542 1822 3597 V
1957 3546 2024 3594 27
2055 3540 2193 3610 quid

187 3613 277 3683 est]
312 3614 538 3683 quidem
578 3614 679 3682 yV
