2602 4013
430 241 560 306 340
1102 237 1346 293 SCHOL.
1372 242 1424 292 Γ
1438 239 1491 292 V
1508 236 1588 291 IN
1624 235 1790 291 HOR.

612 400 778 469 182:
852 408 1029 485 *Ipse
1085 407 1200 467 sibi
1252 409 1295 464 t.
1336 425 1380 466 s.
1419 398 1573 488 (οζ)]
1668 404 1822 475 Quia
1876 407 2003 482 ipse
2058 405 2209 465 mihi
2259 404 2447 476 trado,

432 518 583 575 quae
628 497 821 571 uideo,
867 501 928 556 et
973 497 1126 556 alter
1168 496 1319 561 mihi
1362 495 1569 570 tradit,
1614 514 1769 572 quae
1813 496 2021 554 narrat
2068 486 2272 576 (Phoc

608 585 793 663 §Non
828 589 1030 646 tamen
1065 585 1227 645 intus
1257 577 1445 666 (Vc)]
1522 579 1794 644 ‘Tamen'
1834 587 1941 643 aut
1974 583 2287 643 habundat
2325 586 2449 643 aut:

434 678 709 753 quamuis
781 676 973 754 magis
1045 673 1370 749 delectant,
1443 693 1595 750 quae
1668 673 1974 747 uidentur,
2049 692 2230 748 quam
2305 693 2450 749 quae

362 777 393 824 5
432 765 782 839 audiuntur,
839 766 1041 823 tamen
1087 764 1332 841 dignam
1376 782 1503 822 rem
1546 764 1709 822 intus
1757 764 1886 842 geri
1928 781 2051 821 non
2096 763 2285 823 facias
2333 764 2454 840 geri

434 857 571 913 ante
617 856 997 930 conspectum
1039 853 1250 930 populi
1324 853 1417 911 ΓΙ)
1432 852 1553 924 Ῡσζ

616 934 778 1003 183.
826 940 864 1017 ἓ
884 943 1083 1021 Digna
1129 943 1257 1021 geri
1335 934 1452 1023 V)]
1533 940 1697 1001 Idest
1743 941 2018 1016 quamuis
2062 941 2323 1016 populus
2361 940 2453 999 de-

432 1034 684 1091 lectetur
718 1031 911 1105 factis,
947 1033 1148 1091 tamen
1185 1050 1306 1090 non
1341 1031 1610 1107 proferas
1647 1031 1712 1088 in
1749 1047 2003 1104 soonam,
2050 1048 2206 1105 quae
2245 1029 2455 1088 debent

432 1123 595 1180 intus
642 1122 742 1198 agi
789 1111 875 1199 (Γ
888 1119 1008 1191 Ῡσζ

331 1220 398 1270 10
619 1201 780 1268 185.
828 1206 1009 1283 §Nee
1053 1227 1266 1286 pueros
1314 1226 1515 1268 eoram
1552 1198 1710 1289 (V)]
1791 1206 2014 1266 Pueros
2053 1201 2269 1286 [idest]
2307 1207 2454 1266 filios

433 1317 596 1357 more
642 1296 1025 1370 Graecorum3
1094 1316 1346 1373 quorum
1400 1298 1643 1356 nomina
1698 1297 1872 1355 haee:
1935 1295 2144 1356 Medus
2202 1298 2265 1355 et
2310 1297 2454 1355 Mer-

433 1406 629 1447 merus
677 1377 763 1467 (Γ
777 1386 896 1458 17οζ

616 1467 779 1536 187.
855 1473 1169 1550 §Cadmus
1224 1477 1290 1533 in
1345 1494 1601 1552 anguem
1648 1465 1804 1556 (V)]
1890 1471 2148 1534 Cadmus
2207 1477 2269 1533 et
2313 1474 2456 1532 Her·

435 1567 636 1624 miona
706 1566 770 1622 in
835 1583 1056 1642 angues
1121 1565 1391 1624 conuersi
1453 1565 1606 1624 sunt.
1724 1560 1884 1623 Nam
1945 1562 2274 1622 Hermione
2337 1563 2455 1620 filia

333 1665 398 1713 15
434 1654 645 1713 Martis
718 1656 779 1713 et
841 1652 1089 1712 Veneris
1161 1653 1382 1712 dieitur
1452 1653 1650 1712 fuisse.
1761 1652 2059 1711 Dicuntur
2132 1655 2339 1712 autem
2397 1653 2458 1710 in

438 1762 659 1820 angues
707 1743 975 1802 conuersi
1019 1744 1263 1819 propter
1299 1743 1558 1801 oeoisum
1595 1740 1929 1815 draconem,
1976 1743 2082 1816 qui
2120 1744 2255 1800 erat
2281 1742 2459 1800 Marti

436 1834 835 1904 consecratuS‚
891 1850 960 1890 ex
1007 1832 1173 1891 ouius
1219 1832 1526 1891 seminatis
1573 1829 1849 1890 dentibus
1895 1830 2118 1889 dieitur
2163 1832 2324 1890 acies
2370 1847 2457 1889 ar·

436 1923 735 1980 matorum
781 1921 1098 1979 surrexisse
1144 1910 1266 2000 (I'b
1289 1910 1414 1990 ch·

618 2001 780 2070 188.
863 2008 901 2084 ἓ
921 2008 1264 2069 Incredulus
1330 2009 1429 2068 odi
1477 1999 1700 2090 (17οζ)]
1818 2008 1981 2068 Idest
2040 2027 2161 2067 non
2219 2009 2456 2069 eredens

333 2109 401 2158 20
439 2101 523 2159 sio
595 2099 802 2159 debere
873 2098 1028 2173 fieri,
1101 2117 1169 2158 ae
1237 2117 1345 2174 per
1404 2099 1516 2157 hoe
1580 2116 1792 2175 sperno
1858 2100 2038 2173 atque
2104 2101 2453 2174 contempno

469 2191 528 2247 Γ
538 2189 570 2246 b
601 2189 749 2260 17οζ

441 2180 467 2268 (
620 2268 782 2336 190.
831 2274 868 2351 ξ
888 2275 1119 2334 Fabula
1165 2295 1218 2351 q.
1256 2296 1315 2352 p.
1354 2296 1408 2333 u.
1448 2295 1495 2334 e.
1535 2294 1619 2351 sp.
1658 2296 1704 2334 r.
1745 2266 1860 2357 (c)]
1934 2274 2098 2335 Idest
2137 2295 2293 2351 quae
2331 2277 2457 2335 uult

437 2366 602 2442 posci
639 2385 675 2424 a
710 2365 931 2442 populo
970 2368 1030 2424 et
1065 2366 1273 2441 reponi
1309 2365 1649 2440 spectanda,
1693 2367 1763 2422 ut
1799 2364 1989 2423 denuo
2027 2368 2267 2444 agatur,
2310 2365 2457 2424 idest

442 2473 592 2529 quae
636 2454 771 2512 uult
814 2456 880 2512 in
925 2455 1344 2513 auctoritatem
1387 2454 1591 2512 uenire
1639 2444 1759 2534 (Pb
1783 2453 1905 2525 7οζ
2266 2446 2278 2458 “

335 2553 403 2601 25
625 2533 790 2602 191.
872 2540 910 2618 ἓ
928 2542 1053 2601 Neo
1108 2541 1248 2602 deus
1304 2543 1542 2602 intersit
1588 2534 1649 2622 (r
1662 2534 1807 2623 Vf)]
1883 2540 2153 2601 Subaudi
2200 2543 2457 2615 fabulae3

440 2631 595 2690 idest
648 2650 767 2690 non
821 2631 993 2690 debes
1047 2631 1325 2691 inducere
1380 2632 1555 2690 deum
1607 2632 1673 2689 in
1727 2650 1927 2705 scena,
1986 2633 2108 2691 nisi
2160 2634 2243 2691 sit
2288 2650 2456 2691 eausa

442 2719 828 2779 subueniendi
882 2722 1007 2780 siue
1061 2713 1364 2796 puniendi.
1455 2721 1677 2780 Aliter:
1741 2722 1872 2779 tum
1917 2719 2185 2795 demum,
2249 2722 2455 2796 inquit,

441 2810 651 2868 inferri
706 2808 879 2868 debet
932 2810 1100 2883 deuS,
1156 2829 1289 2869 eum
1344 2809 1527 2887 digna
1571 2828 1663 2869 res
1709 2810 2052 2867 interuentu
2099 2811 2228 2869 eius
2275 2809 2455 2886 expri-

621 3055 651 3102 3
692 3050 813 3121 aut]
852 3066 951 3104 om.
981 3053 1050 3112 οζ
1246 3048 1541 3102 habundat
1580 3051 1631 3101 Γ
1646 3049 1723 3119 V]
1762 3048 2015 3101 abundat
2051 3050 2135 3115 οζ,
2173 3067 2330 3103 enan.
2362 3050 2392 3103 b

443 3127 477 3174 4
520 3122 698 3175 nescio
744 3138 820 3175 an
857 3126 983 3173 ante
1019 3120 1277 3189 quamuis
1316 3121 1548 3175 eaeiderit
1582 3120 1666 3173 αἶ’
1738 3120 1798 3173 id
1833 3126 1897 3173 ut
1936 3120 2054 3173 ‘est
2091 3121 2318 3175 sensus'

444 3198 476 3245 5
505 3191 683 3246 facias
711 3191 854 3262 geri]
883 3190 1059 3245 facias
1088 3194 1157 3255 εζ
1294 3195 1327 3244 8
1356 3190 1524 3245 factis
1553 3190 1622 3261 Γ]
1676 3192 1833 3244 aetas
1848 3192 1901 3244 V
1928 3189 2083 3244 faeta
2110 3195 2181 3257 οζ
2205 3192 2391 3261 Pauly

443 3263 503 3316 in
541 3279 707 3317 scena
741 3267 812 3327 οξ
972 3266 1036 3315 10
1074 3262 1222 3317 idest
1258 3283 1289 3331 γ
1318 3279 1418 3317 om.
1448 3263 1604 3326 erg
1766 3268 1827 3315 11
1866 3261 2007 3316 haee
2037 3293 2104 3302 —
2134 3260 2456 3329 mermerus]

443 3334 550 3388 hae
586 3333 787 3389 mediis
826 3336 884 3387 et
918 3333 1198 3387 memeriis
1239 3333 1292 3385 V
1311 3350 1410 3387 om.
1440 3336 1510 3397 οζ
1678 3337 1744 3385 18
1782 3332 2087 3388 surrexisse
2128 3335 2206 3404 Γ]
2244 3350 2397 3388 enan.
2426 3332 2457 3384 b

444 3422 546 3460 om.
563 3406 616 3458 V
633 3408 769 3459 nata
797 3421 918 3459 esse
936 3405 1003 3468 οζ
1144 3410 1209 3458 22
1240 3404 1432 3458 lemma
1458 3405 1521 3457 in
1533 3405 1604 3457 V.-
1632 3402 1848 3457 Fabula
1877 3409 1914 3472 q
1933 3404 2093 3473 posci
2238 3409 2304 3458 25
2332 3404 2453 3457 sub:

446 3507 513 3516 —
542 3475 713 3547 idest]
751 3493 851 3530 om.
881 3480 950 3539 οζ
1098 3475 1159 3538 sb
1189 3496 1221 3544 γ
1257 3491 1359 3529 om.
1388 3476 1485 3529 rV
1690 3480 1759 3528 26
1798 3490 1964 3529 scena
1993 3477 2147 3547 γῐΤζ]
2184 3491 2405 3530 scenam
2427 3490 2457 3526 r

447 3551 616 3599 sconii
652 3563 681 3600 c
719 3552 949 3600 ceterum
982 3546 1053 3612 cf.
1084 3563 1276 3614 appar.
1307 3564 1360 3599 u.
1396 3551 1495 3599 183
1711 3545 1822 3599 nisi
1870 3546 1968 3617 sit]
2016 3546 2076 3600 in
2123 3549 2224 3600 tua
2270 3545 2454 3600 fabula

447 3615 558 3668 nisi
594 3620 662 3679 εζ
699 3629 701 3631 ’
800 3622 866 3669 27
905 3619 1027 3669 tum
1053 3648 1124 3657 —
1152 3616 1382 3688 oceidit]
1421 3634 1487 3671 ex
1515 3617 1716 3685 Porph.
