2602 4013
405 220 491 284 42
1052 178 1307 275 ⁸senon.
1328 219 1466 274 P'V
1487 220 1567 275 IN
1604 221 1771 275 non.

406 391 699 467 legentem
745 392 852 448 aut
896 392 1257 467 cogitantem
1305 391 1588 449 molestus
1633 392 2001 467 interpellet,
2046 391 2254 449 statim
2299 410 2445 450 eum

407 497 604 537 carere
651 481 949 538 communi
994 497 1167 537 sensu
1212 477 1462 537 dicimus
1511 470 1614 558 (Γ
1626 480 1708 551 bf
1720 480 1842 550 7οζ

586 562 956 642 ‘Inquimus'
1006 567 1202 626 media
1248 567 1481 642 syllaba
1526 569 1707 646 longa
1753 587 1877 628 esse
1924 567 2164 627 deberet
2192 560 2384 649 (P'bf
2388 569 2450 627 V

583 648 700 715 67.
783 656 1046 733 *Legem
1101 657 1398 715 sancimus
1453 657 1723 732 iniquam
1769 649 1834 738 (ν
1845 649 1931 737 ζ)]
2025 656 2180 726 Quia
2225 657 2443 716 eadem

334 755 366 802 5
405 744 480 803 ab
546 744 681 803 aliis
744 745 1011 821 patimur
1075 748 1135 803 et
1197 745 1388 803 eidem
1448 746 1774 804 conditioni
1828 746 2224 821 subiacemuS,
2289 747 2442 821 quia

404 835 588 893 etiam
650 834 744 892 illi
808 835 1055 893 eandem
1120 833 1190 892 de
1254 834 1425 893 nobis
1489 835 1682 912 legem
1746 835 2103 895 constituere
2170 827 2282 916 (P'
2302 837 2336 893 b
2355 853 2388 894 c
2409 837 2446 908 ζ

402 939 552 980 cons,
590 923 799 995 Porph.

581 1004 696 1070 68.
771 1009 810 1085 ἓ
829 1012 987 1070 Nam
1012 1068 1017 1073 ,
1041 1012 1207 1071 uitiis
1253 1032 1310 1072 n.
1351 1004 1474 1092 (v)]
1556 1012 1696 1070 Ideo
1745 1012 2023 1071 debemus
2069 1014 2236 1073 uitiis
2283 1014 2440 1071 ami-

402 1119 606 1158 corum
651 1101 972 1177 ignoscere,
1018 1104 1090 1159 ut
1134 1103 1195 1159 et
1242 1101 1351 1159 alii
1394 1102 1614 1160 nostris
1660 1102 1976 1178 ignoscant
2022 1093 2309 1182 (P‘chg

298 1199 365 1247 10
581 1181 698 1249 69.
753 1183 865 1249 70.
935 1188 973 1264 ἓ
993 1189 1236 1249 Amicus
1283 1189 1472 1249 dulcis
1521 1182 1721 1271 (νσζ)]
1802 1190 2048 1250 Amicus
2093 1191 2282 1250 bonus
2331 1190 2438 1248 de-

400 1277 501 1335 bet
565 1296 922 1354 conpensare
985 1297 1118 1337 mea
1181 1279 1335 1337 uitia
1391 1298 1526 1338 cum
1579 1278 1750 1338 bonis
1805 1282 1891 1354 et,
1957 1281 2010 1339 si
2061 1281 2235 1355 plura
2290 1284 2438 1340 sunt

398 1366 579 1439 bona,
654 1366 730 1424 ad
804 1386 872 1426 ea
936 1369 1284 1443 propensior
1346 1367 1500 1442 fieri,
1573 1367 1729 1427 idest
1792 1387 1862 1427 ea
1925 1370 2118 1446 magis
2181 1369 2436 1429 laudare

429 1457 488 1517 Γ
497 1449 513 1468 ’
534 1455 566 1512 b
587 1456 729 1527 ch

401 1446 427 1534 (
580 1537 694 1604 72.
777 1544 950 1604 *Hac
1011 1546 1144 1622 lege
1202 1546 1240 1602 i.
1278 1548 1322 1604 t.
1359 1539 1740 1625 pone[re]tur
1802 1545 2008 1604 eadem
2056 1538 2169 1626 (ζ)]
2263 1546 2433 1606 Alle-

297 1642 361 1689 15
399 1634 657 1709 goricos:
719 1636 823 1708 qui
875 1635 1133 1711 ignoscit
1184 1635 1351 1693 uitiis
1404 1636 1579 1708 meis,
1634 1633 1880 1693 eandem
1933 1637 2172 1694 ueniam
2226 1655 2430 1695 conse-

400 1724 615 1795 quetur
661 1714 765 1802 (Γ
777 1723 891 1793 ὺσζ
923 1740 1073 1781 cons.
1110 1723 1320 1797 Porph.

580 1803 692 1870 73.
742 1810 780 1886 ξ
802 1809 918 1879 Qui
953 1832 1026 1870 ne
1062 1811 1368 1870 tuberibus
1409 1802 1472 1890 (v
1483 1803 1568 1891 ζ)]
1650 1811 1781 1870 Hoc
1817 1812 1989 1871 dicit:
2039 1812 2197 1887 quod
2235 1814 2429 1888 siquis

397 1900 518 1957 Suis
565 1901 796 2002 magnis
842 1902 1010 1959 uitiis
1056 1902 1294 1959 ueniam
1338 1899 1533 1976 poscit
1579 1900 1678 1958 ab
1699 1900 1914 1976 amico,
1960 1902 2287 1983 minoribus
2334 1905 2429 1961 ui-

396 1986 498 2048 tiis
546 1989 725 2049 amici
768 1989 943 2049 debet
984 1992 1287 2068 ignoscere
1335 1981 1440 2071 (Γ
1450 1989 1483 2047 b
1498 1990 1577 2050 Vc
1587 1989 1619 2061 ζ

288 2087 358 2135 20
579 2071 692 2138 76.
767 2078 805 2154 ἓ
824 2079 1094 2155 Denique
1143 2080 1433 2154 quatenus
1482 2070 1603 2159 (v)]
1687 2078 1989 2146 Quatenus
2033 2080 2253 2138 uitium
2296 2082 2428 2141 irae

299 2199 302 2203 Δ
395 2168 456 2224 et
508 2166 630 2225 alia
683 2169 837 2227 uitia
891 2187 1010 2227 non
1063 2170 1315 2244 possunt
1366 2169 1602 2244 penitus
1660 2167 1885 2227 aboleri
1940 2168 2014 2226 ab
2063 2169 2426 2244 hominibus,

395 2254 671 2315 debemus
718 2256 1021 2315 moderate
1068 2276 1136 2315 ea
1182 2258 1539 2331 uituperare.
1607 2255 1690 2314 ¹Si
1734 2276 1853 2316 non
1889 2260 2156 2333 possunt,
2200 2259 2432 2335 inquit,

394 2343 758 2404 dissimulari
803 2347 956 2404 uitia
1004 2347 1348 2418 amicorum,
1394 2345 1607 2404 saltem
1642 2347 1796 2405 talia
1831 2348 2229 2422 aestimemuS,
2276 2367 2423 2423 qua·

391 2433 476 2490 lia
521 2436 676 2508 sunt,
721 2454 828 2494 nec
874 2434 1150 2493 debemus
1197 2453 1266 2492 ea
1309 2435 1686 2512 malignitate
1730 2437 1936 2495 nostra
1972 2454 2204 2512 augere.
2287 2436 2425 2497 Iam

285 2530 353 2577 25
390 2523 687 2597 paulatim
733 2542 800 2582 eo
848 2523 1174 2598 descendit,
1224 2525 1294 2581 ut
1341 2523 1654 2583 aduersum
1701 2523 1930 2583 Stoicos
1978 2524 2266 2600 disputet,
2317 2529 2425 2601 qui

391 2610 598 2670 dicunt
642 2614 842 2669 omnia
885 2615 1130 2688 peccata
1173 2614 1347 2689 paria
1394 2631 1544 2687 esse,
1603 2615 1868 2671 animum
1914 2631 2053 2691 ergo
2098 2618 2422 2691 peccantiS,

390 2718 507 2757 non
557 2701 957 2775 quantitatem
1001 2699 1232 2777 peccati
1276 2701 1662 2777 spectandam
1709 2694 1812 2782 (Γ
1822 2702 1855 2759 b
1872 2702 1992 2772 ch
2022 2719 2171 2761 cons.
2202 2704 2418 2777 Porph.

571 2782 685 2849 78.
760 2788 798 2864 ξ
818 2789 1180 2851 Ponderibus
1228 2782 1352 2872 (v)]
1434 2791 1698 2867 Propriis
1745 2791 2281 2868 aestimationibus,
2326 2795 2420 2851 iu-

389 2875 586 2950 diciis,
632 2880 920 2939 mensuris
967 2879 1141 2938 debet
1184 2881 1277 2938 uti
1323 2882 1383 2938 et
1427 2879 1538 2939 hoc
1583 2880 1757 2938 modo
1806 2880 1980 2940 debet
2021 2881 2236 2956 punire
2281 2902 2420 2958 pec-

209 2961 212 2964 *
281 2974 350 3022 30
391 2967 592 3024 catum
640 2958 961 3047 (P'bfch

565 3123 596 3171 3
635 3118 856 3187 syllaba
884 3120 983 3191 νῦ]
1023 3119 1227 3173 sillaba
1254 3124 1373 3173 cett.
1518 3136 1638 3173 esse
1677 3119 1930 3191 deberet]
1970 3121 2073 3186 est,
2113 3121 2212 3174 sed
2242 3139 2418 3177 causa

383 3189 549 3242 metri
587 3189 859 3259 corripuit
885 3193 916 3246 b
1061 3197 1094 3244 4
1133 3190 1377 3244 sanciret
1404 3211 1437 3244 ν
1583 3196 1613 3244 6
1644 3191 2006 3262 constituere]
2037 3194 2361 3247 statuerunt
2387 3211 2424 3248 c

385 3261 686 3313 statuerint
714 3266 745 3325 ζ
884 3267 915 3314 8
944 3261 1103 3315 uitiis
1133 3278 1249 3315 am:
1289 3260 1424 3314 deb·
1453 3265 1521 3325 οζ
1662 3267 1692 3315 9
1723 3265 1780 3316 et
1807 3279 1908 3317 om.
1938 3268 2006 3327 οζ
2149 3268 2215 3316 15
2245 3266 2413 3337 meis]

382 3347 510 3384 mox
537 3337 606 3396 σζ
746 3334 1138 3403 consequetur]
1169 3331 1530 3399 consequitur
1547 3337 1621 3396 νζ
1643 3334 1828 3401 poscit
1846 3351 1874 3388 c
2018 3338 2085 3387 20
2105 3338 2411 3409 quatenus]

383 3403 608 3468 quando
656 3407 686 3466 ζ
727 3404 994 3470 quoniam
1029 3422 1058 3458 c
1086 3420 1186 3458 om
1216 3424 1250 3457 ν
1466 3409 1534 3457 25
1583 3404 1851 3458 aduersus
1891 3422 1961 3473 γε
2007 3405 2275 3460 aduersos
2314 3413 2346 3473 ζ

382 3478 448 3525 27
490 3475 879 3555 spectandam]
911 3477 1172 3543 spectant
1197 3491 1227 3529 c
1263 3475 1486 3556 spectat
1512 3479 1555 3541 ζ,
1592 3475 1686 3529 sed
1714 3492 1835 3545 opp.
1867 3477 2070 3545 Porph.
2219 3485 2288 3532 28
2319 3497 2410 3549 pr:

382 3547 526 3598 aest:
566 3544 714 3626 iud:]
755 3562 855 3600 om.
896 3494 976 3599 Vp
1135 3544 1378 3616 propriis
1415 3546 1465 3617 c]
1507 3546 1747 3616 proptiis
1785 3552 1816 3611 ζ
1839 3563 1939 3602 om.
1969 3553 2084 3602 cett
2269 3551 2413 3604 exti-

380 3615 725 3669 mationibus
763 3621 832 3680 οζ
856 3633 956 3672 om.
985 3619 1022 3684 f
