2602 4013
287 752 318 800 5

355 219 442 283 30
1013 216 1256 271 SCHOL.
1282 216 1352 270 P'
1368 218 1421 272 V
1439 216 1518 270 IN
1554 216 1723 271 HOR.

533 379 653 447 98.
738 383 776 460 ἓ
800 384 1115 445 Cinifiones
1164 376 1279 466 (c)]
1377 383 1692 444 Oiniflones
1751 387 1810 443 et
1855 385 2132 443 cinerarii
2178 383 2393 443 eadem

355 474 787 554 significatione
862 474 1018 551 apud
1091 477 1321 533 ueteres
1393 473 1764 533 habebantur
1829 474 1901 532 ab
1967 473 2163 532 officio
2228 474 2393 532 cala—

354 565 719 639 mistrorum,
765 564 921 622 idest
955 562 1203 622 uernum
1239 565 1307 621 in
1343 565 1538 622 cinere
1576 562 2129 637 calefaciendorum,
2167 562 2394 637 quibus

355 656 664 712 matronae
719 653 967 728 capillos
1015 651 1372 726 crispabant.
1469 650 1649 711 Cuius
1685 654 1773 711 rei
1820 653 1880 710 et
1925 650 2218 729 Virgilius
2265 671 2393 709 me—

356 744 536 801 minit
580 742 779 801 dicens
828 733 1002 822 (Aen.
1041 740 1159 799 XII
1200 733 1386 822 100)=

675 866 960 925 Vibratos
1007 865 1202 925 calido
1248 866 1407 924 ferro
1445 857 1559 944 (Γ
1570 867 1602 924 b
1617 866 1741 936 ch'
1775 883 1843 924 ex
1877 865 2089 939 Porph.

390 1048 413 1074 .
535 1006 573 1083 ξ
592 1009 757 1067 Dicti
805 1011 1004 1067 autem
1048 1007 1353 1068 ciniflones
1401 1008 1474 1066 ab
1514 1027 1600 1082 ec,
1647 1007 1806 1082 quod
1842 1009 1906 1066 in
1944 1010 2201 1066 cinerem
2237 1005 2396 1066 flant

359 1097 435 1156 ad
509 1098 973 1157 calefaciendum
1045 1098 1293 1171 ferrum,
1377 1116 1527 1172 quos
1603 1099 1926 1156 cinerarios
2001 1096 2396 1172 appellabant

269 1243 273 1246 ,
359 1179 685 1267 (P'chg

255 1285 321 1334 10

256 1729 320 1777 15

254 2174 322 2222 20

255 2618 323 2666 25

536 1269 968 1353 <Ciniflones>]
1105 1273 1397 1334 Cinerarii
1477 1275 1686 1353 uulgo,
1772 1275 1874 1349 qui
1956 1273 2399 1333 calefaciebant

357 1365 598 1438 ferrum,
644 1383 761 1439 quo
806 1365 1084 1423 mulieres
1130 1364 1379 1439 capillos
1426 1363 1768 1440 crispabant
1810 1356 1915 1443 (Γ
1925 1364 1957 1421 b
1967 1364 2005 1435 f
2017 1364 2073 1422 V

536 1447 654 1514 99.
728 1447 1054 1531 *<Pa.11a>]
1144 1452 1258 1511 Pro
1315 1453 1622 1528 peripodio
1677 1454 1905 1528 posuit,
1968 1452 2127 1527 quod
2180 1451 2396 1510 dicunt

356 1542 816 1618 tunicopallium
860 1533 963 1623 (Γ
974 1543 1007 1600 b

540 1622 703 1691 100.
776 1625 1040 1708 <Rem>]
1125 1628 1350 1705 Corpus
1396 1630 1661 1693 mulieris
1710 1622 1830 1711 (Pb
1846 1627 1900 1688 V

541 1711 706 1780 101.
757 1718 890 1778 Cois
927 1719 1042 1778 tibi
1079 1711 1203 1800 (ν)]
1265 1717 1419 1778 Coae
1457 1720 1649 1778 uestes
1687 1717 2036 1777 dicebantur
2064 1717 2395 1776 admodum

359 1807 621 1867 subtiles.
719 1807 852 1867 Cois
906 1809 1089 1867 uestis
1146 1810 1261 1882 est,
1317 1826 1472 1882 quae
1528 1807 1836 1867 conficitur
1888 1809 1951 1865 in
1998 1807 2198 1866 insula
2247 1805 2395 1881 Coc,

357 1898 676 1972 perlucida.
769 1897 897 1955 Alii
943 1892 1172 1956 ‘Cois't
1222 1898 1473 1956 coccinis
1520 1887 1627 1977 (Γ
1640 1898 1671 1954 b
1682 1897 1720 1968 f
1732 1897 1790 1957 V

538 1983 812 2062 §Altera
858 1987 1072 2062 inquit,
1122 2004 1272 2061 quae
1318 1987 1568 2061 prostat,
1612 1984 1921 2061 perlucida
1964 1986 2129 2044 ueste
2174 1986 2394 2062 utitur,

359 2076 448 2134 ita
493 2078 562 2133 ut
605 2075 766 2133 nuda
812 2076 1073 2152 conspici
1116 2074 1307 2151 possit
1353 2067 1457 2156 (Γ
1470 2077 1502 2134 b
1511 2077 1549 2148 f
1561 2075 1641 2134 Vc
1650 2075 1683 2145 ζ
1717 2092 1784 2134 ex
1817 2075 2031 2148 Porph.

538 2162 576 2238 ξ
596 2164 760 2224 Haec
824 2167 1024 2223 autem
1086 2164 1270 2222 uestis
1334 2165 1398 2222 in
1460 2163 1589 2223 Koo
1657 2156 1787 2245 (leq.
1827 2165 1932 2245 Κῷ
1973 2180 2105 2221 cwm
2140 2156 2388 2244 Porph.)

359 2253 557 2313 insula
603 2253 936 2327 conficitur,
989 2273 1096 2329 per
1143 2253 1310 2311 cuius
1356 2253 1603 2311 nimiam
1649 2252 2071 2327 subtilitatem,
2118 2270 2393 2327 quaeque

360 2344 500 2402 sunt
542 2342 848 2417 interiora,
893 2342 1264 2401 translucent
1311 2333 1414 2422 (Γ
1428 2342 1549 2412 Vc?
1583 2359 1649 2399 ex
1683 2342 1894 2415 Porph.

543 2422 707 2491 104.
753 2431 1014 2490 Insidiae
1058 2430 1210 2487 fiunt
1255 2429 1527 2505 amatori,
1575 2449 1707 2488 cum
1753 2431 1858 2488 dat
1902 2430 2165 2506 pretium
2201 2431 2392 2488 maxi-

359 2538 525 2577 mum
568 2538 678 2595 pro
724 2520 900 2578 foeda
944 2522 1218 2578 matrona
1255 2511 1360 2600 (Γ
1371 2521 1403 2578 b
1412 2521 1451 2592 f
1463 2519 1538 2594 V3
1572 2520 1675 2578 hoc
1709 2519 1879 2579 schol.
1916 2519 2006 2578 sil.
2044 2537 2153 2578 om.
2191 2519 2394 2594 Pauby

362 2612 415 2668 et
448 2608 522 2666 H
517 2609 720 2667 authal

544 2688 708 2757 105.
764 2694 802 2771 ἓ
821 2697 1108 2772 Leporem
1154 2698 1404 2757 uenator
1449 2689 1514 2778 (ν
1525 2689 1612 2778 ζ)]
1693 2697 1935 2755 Inducit
1980 2698 2156 2771 quasi
2200 2698 2392 2756 canifi-

361 2805 496 2845 cum
541 2785 820 2845 amatoris
864 2789 1193 2862 matronae3
1242 2789 1334 2845 est
1379 2789 1581 2844 autem
1617 2787 1916 2845 canticum
1951 2787 2088 2845 hoc:
2135 2787 2393 2844 uenator

360 2877 739 2951 persequitur
801 2876 1087 2951 leporem,
1149 2878 1218 2934 ut
1281 2875 1506 2952 capiat,
1571 2877 1631 2934 et
1695 2877 1936 2951 captum
1999 2874 2387 2950 contempnit.

542 3103 574 3150 3
620 3115 856 3152 uei-uum
895 3100 1077 3170 Pbcg]
1116 3101 1445 3153 uerrutuum
1482 3119 1516 3152 ν
1559 3097 1821 3151 ιιθΠ-ιιοίῦ
1861 3099 1915 3152 V
1930 3141 1942 3152 .
2121 3102 2153 3151 8
2191 3098 2394 3167 appel-

359 3169 485 3222 lant
518 3186 588 3224 rc
623 3171 824 3225 -abant
859 3177 973 3225 cett.
1211 3176 1275 3224 12
1315 3169 1611 3238 peripodia
1646 3190 1679 3239 y
1879 3174 1944 3222 15
1984 3168 2250 3223 dicuntur
2286 3171 2319 3224 b

366 3247 431 3294 16
462 3241 776 3312 conficitur]
798 3242 1087 3295 consuitur
1102 3241 1140 3295 b
1285 3258 1385 3294 coo
1406 3241 1478 3310 ys
1493 3241 1571 3312 V]
1594 3240 1733 3294 choo
1750 3258 1825 3295 rv
1864 3256 1966 3294 coa
1985 3242 2017 3294 b
2163 3245 2230 3293 17
2260 3257 2391 3310 per-

362 3312 554 3366 lucida
594 3312 662 3366 Γ’
678 3314 755 3385 V]
792 3312 1023 3383 plucida
1058 3314 1090 3367 b
1119 3329 1218 3367 om.
1249 3312 1286 3378 f
1494 3318 1559 3366 18
1596 3311 1888 3381 perlucida
1925 3311 2116 3382 vag]
2155 3311 2393 3380 placida

362 3384 695 3453 (prelucida)
723 3385 843 3451 Pfc
988 3389 1055 3437 20
1092 3383 1200 3437 koo
1232 3383 1343 3437 PV
1374 3399 1473 3437 coo
1503 3403 1537 3438 ν
1575 3382 1713 3437 choo
1740 3400 1771 3437 c
1804 3383 1913 3437 hoe
1940 3388 1971 3447 ζ
2112 3388 2178 3436 21
2217 3400 2394 3450 quae-

364 3457 497 3526 que]
534 3471 644 3524 que
670 3471 701 3509 c
735 3472 880 3524 quae
908 3459 938 3519 ζ
963 3456 1185 3523 Por-ph„
1218 3455 1314 3509 sed
1350 3471 1606 3524 quaeque
1634 3482 1701 3500 =
1731 3470 2117 3523 quaecumque
2145 3455 2395 3522 positwm

363 3547 399 3582 a
441 3529 806 3595 posteriorum
841 3534 1139 3595 temporum
1174 3543 1283 3581 usu
1317 3542 1432 3581 non
1467 3527 1716 3582 abhorret
1931 3530 1998 3578 28
2038 3526 2396 3594 contempnit

361 3618 436 3668 ry
463 3614 601 3653 corr.
631 3600 661 3652 b
671 3597 793 3668 fF]
832 3600 1196 3667 contempnat
1232 3619 1264 3667 γ
1282 3615 1374 3667 pr.
1400 3599 1501 3653 vV
1529 3599 1852 3652 contemnat
1887 3613 1916 3650 c
1952 3598 2258 3650 contennat
2293 3601 2325 3661 ζ
