2602 4013
880 207 1102 262 EPIST.
1131 208 1157 261 Ι
1188 214 1270 262 19.
1303 214 1371 262 20
2012 212 2142 276 275

157 371 347 435 mido':
388 377 568 435 timeo
616 394 739 437 esse
785 376 1131 437 fastidiosus
1178 380 1240 436 et
1284 379 1672 453 contemptor,
1718 379 1819 437 sed
1862 379 2140 439 honestas

159 465 527 525 excusationes
574 484 816 541 quaem,
860 486 934 525 ne
978 466 1224 525 recitem
1269 458 1358 548 (Γ
1367 460 1384 483 ’
1403 488 1441 525 α
1461 467 1493 525 b
1512 467 1550 538 f
1570 467 1628 526 V

303 546 416 614 47.
486 554 733 613 Diludia
797 554 1076 614 dicuntur
1136 558 1432 632 tempora,
1498 574 1648 630 quae
1709 555 2140 632 gladiatoribus

158 643 523 702 conceduntur
557 645 715 703 inter
750 643 874 703 dies
911 664 1241 719 munerum,
1279 645 1492 719 quibus
1527 647 1804 722 pugnant
1832 637 1936 724 (P'
1947 645 2077 717 abs
2091 646 2147 705 V

299 726 608 810 [Spacium
671 734 830 791 enim
894 731 1076 791 dandi
1138 732 1403 792 carmina
1467 733 1655 792 clamo
1720 736 1780 791 et
1842 734 2140 792 intermis-
2213 744 2245 792 5

159 822 350 882 sionem
393 822 492 879 uel
540 821 888 880 dilationem
932 821 1210 880 ludorum
1255 840 1522 897 exposce,
1567 824 1628 881 et
1663 821 1972 900 subiungit
2006 841 2140 881 cau·

158 926 285 984 sam,
327 929 432 969 cur
471 911 737 987 postulet
781 910 1031 984 diludia,
1076 910 1359 985 quoniam
1404 910 1647 969 excludo
1694 902 1826 991 (leq.
1863 931 1932 970 ex
1969 904 2138 991 ludo)

154 999 273 1056 iram
300 989 429 1078 (leq.
440 991 564 1080 ira)
583 1019 654 1058 ex
674 991 806 1081 (leq.
817 1019 888 1058 ex
914 994 1035 1080 ira)
1056 999 1379 1058 inimicicia
1399 1002 1461 1058 et
1477 1000 1697 1058 bellum
1717 993 2148 1080 generatur(V

943 1372 1204 1442 EPIST„
1227 1375 1312 1432 20

296 1490 360 1557 l.
407 1497 539 1557 Hac
575 1498 829 1573 epistola
868 1498 1199 1573 alloquitur
1234 1497 1457 1557 librum
1496 1516 1668 1556 suum
1705 1499 2135 1574 metaphoricos
2176 1508 2243 1557 10

151 1588 288 1658 quasi
338 1606 465 1645 rem
511 1588 865 1660 animatam,
920 1586 1258 1664 significans
1305 1588 1478 1645 illum
1522 1587 1586 1644 in
1630 1585 1938 1661 publicum
1983 1587 2135 1646 uelle

149 1675 451 1749 procedere,
517 1694 577 1735 se
640 1694 781 1734 uero
844 1675 1173 1751 prohibere.
1277 1674 1394 1733 Sed
1458 1674 1633 1734 multi
1696 1675 2136 1750 reprehendunt

150 1762 302 1839 illum,
349 1783 535 1839 quare
579 1764 642 1822 in
690 1764 892 1823 ordine
941 1765 1196 1822 aliarum
1242 1764 1628 1841 epistolarum
1672 1764 1824 1822 hanc
1870 1766 2137 1839 posuerit

151 1853 192 1909 et
244 1872 354 1911 non
413 1853 478 1911 in
532 1853 646 1912 fine
703 1855 810 1911 aut
862 1854 925 1911 in
981 1855 1201 1928 capite,
1266 1872 1400 1911 cum
1453 1871 1643 1928 neque
1702 1852 1775 1910 ad
1830 1852 2135 1910 absentem

149 1958 303 2016 neque
356 1941 433 2000 ad
486 1943 786 2002 hominem
841 1941 1066 2019 scripta
1097 1942 1214 2001 sit.
1309 1940 1573 2011 Quorum
1622 1942 1996 2018 reprehensio
2042 1960 2131 1999 re·
2173 1950 2238 1998 15

150 2028 359 2107 futatur,
406 2034 547 2109 quia
591 2034 656 2090 in
702 2031 817 2090 fine
862 2032 1003 2090 libri
1047 2029 1251 2107 posuit
1293 2032 1481 2090 illam.
1564 2031 1930 2106 Principium
1975 2031 2133 2088 enim

152 2120 195 2176 et
228 2119 350 2180 finis
397 2122 566 2179 nulla
613 2121 676 2179 in
722 2120 994 2180 omnibus
1038 2121 1207 2180 libris
1252 2120 1463 2197 regula
1508 2121 1845 2179 continetur
1892 2110 1979 2199 (Γ
1987 2120 2026 2192 f
2035 2140 2061 2178 ε
2083 2120 2141 2179 V

148 2208 244 2265 sim.
278 2210 483 2284 Porph.

289 2297 426 2357 *Ad
498 2297 718 2357 librum
792 2316 966 2357 suum
1037 2298 1307 2373 loquitur
1370 2300 1679 2372 tamquam
1742 2297 1818 2355 ad
1880 2316 2133 2374 puerum

149 2388 516 2457 prestaturum
562 2381 666 2468 (P'
680 2378 788 2467 (γν
800 2379 861 2467 b)
2169 2396 2238 2445 20

290 2476 648 2535 Vertumnus
705 2479 765 2534 et
808 2476 989 2535 Ianus
1036 2476 1122 2534 dii
1169 2478 1334 2549 sunt,
1399 2474 1502 2550 qui
1547 2478 1832 2550 praesunt
1875 2476 2130 2552 negotiis

149 2567 429 2623 ementium
476 2568 538 2624 et
582 2565 984 2639 uendentium,
1032 2566 1169 2623 ante
1216 2583 1469 2640 quorum
1513 2564 1741 2640 templa
1777 2565 1948 2622 erant
1983 2565 2132 2640 loca,

148 2649 196 2705 in
248 2653 449 2727 quibus
514 2672 647 2712 cum
711 2654 919 2713 ceteris
984 2653 1158 2712 rebus
1219 2655 1403 2712 etiam
1457 2651 1597 2711 libri
1651 2652 1890 2711 uenales
1945 2656 2129 2711 erant.

149 2735 238 2796 Per
274 2741 403 2802 deos
452 2744 653 2801 autem
698 2743 830 2801 loca
876 2742 1172 2819 significat
1218 2734 1306 2822 (Γ
1316 2765 1353 2800 α
1363 2742 1538 2814 fEV
1566 2743 1692 2801 sirm.
1732 2742 1940 2815 Porph.

290 2829 442 2891 Loca
490 2834 629 2889 sunt
673 2833 735 2889 in
782 2831 1032 2905 RostriS‚
1078 2831 1180 2889 ubi
1227 2830 1383 2890 Sosii
1429 2831 1644 2890 fratres
1689 2829 1873 2889 libros
1914 2830 2128 2888 uende-
2167 2840 2234 2888 25

149 2912 280 2992 bant,
321 2923 385 2978 ut
431 2920 578 2978 alibi
625 2913 811 3001 (epist.
848 2920 879 2976 I
921 2924 976 2995 1,
1016 2921 1116 2978 54.
1157 2911 1296 3000 55):

958 3026 1121 3085 Haec
1166 3026 1350 3085 Ianus
1398 3044 1657 3085 summus
1705 3025 1780 3084 ab
1825 3026 1945 3083 imo

422 3116 715 3174 Prodocet
762 3107 959 3196 (F'ocb
971 3116 1009 3187 f
1021 3115 1073 3174 V

292 3306 319 3353 2
355 3318 424 3356 ne
485 3304 552 3356 ut
592 3304 643 3356 V
812 3309 844 3356 4
883 3302 1031 3356 inter
1067 3302 1269 3373 Pabf]
1309 3302 1369 3355 in
1407 3303 1506 3357 vV
1652 3317 1707 3353 u.
1738 3298 1949 3353 49—11
1977 3305 2026 3365 2,
2059 3303 2125 3352 65

152 3365 404 3428 DEFICI
466 3374 778 3428 cod.H0r.v
925 3379 991 3427 12
1012 3389 1072 3426 se
1088 3389 1222 3427 uero
1241 3374 1339 3444 rf]
1361 3372 1460 3426 sed
1479 3388 1589 3443 sear
1602 3371 1665 3438 V,
1683 3388 1764 3425 eu.
1783 3390 1808 3425 ε
1954 3376 2019 3424 16
2040 3370 2124 3440 in]

153 3435 261 3516 ⁸{in
294 3445 383 3511 yV
536 3449 603 3497 19
642 3445 804 3512 quasi
842 3445 873 3498 b
1034 3449 1099 3497 21
1141 3444 1294 3515 sunt]
1332 3443 1560 3498 fuerunt
1595 3463 1631 3495 α
1789 3447 1856 3495 22
1896 3443 2027 3495 ante
2057 3472 2125 3481 —-

154 3511 388 3577 mgnifieat
421 3533 520 3569 om.
553 3536 590 3568 α
735 3522 801 3569 23
840 3516 1014 3570 etiam
1039 3516 1176 3581 rfE
1200 3515 1430 3586 Por-ph]
1459 3531 1557 3569 om.
1589 3514 1690 3583 yV
1823 3519 1890 3567 25
1918 3512 2124 3567 uende—

154 3575 280 3654 bant]
315 3585 643 3641 deridebant
682 3588 736 3641 V
1650 3632 1655 3636 .

1703 3674 1804 3726 18*
