2602 4013
434 232 564 297 338
1108 235 1351 292 SCHOL.
1377 241 1430 291 Γ
1443 238 1497 292 V
1514 236 1593 290 IN
1630 236 1783 291 HOR.

433 406 590 475 uate,
640 404 782 479 quia
819 423 1019 464 omnes
1058 409 1303 465 conatus
1343 424 1551 464 senum
1587 405 1983 465 inbecilliores
2013 406 2158 463 sunt
2185 397 2452 482 [ideoque

431 495 648 568 parata
693 512 810 553 non
855 489 1143 574 tangunt]
1190 487 1311 575 (ΓΙ)
1334 494 1456 566 Vc?

611 600 959 659 *ministrat
1006 593 1159 681 (affl
1242 598 1551 661 eubemat
1598 593 1804 683 (meg

613 699 777 768 172.
860 706 899 784 ξ
918 707 1155 767 Dilator
1206 700 1394 789 (VcC)
1460 728 1564 785 spe
1627 709 1839 786 longus
1888 698 2044 788 (οζ)]
2139 706 2291 777 Quia
2346 724 2454 782 per

361 807 393 854 5
431 797 741 874 pigritiam
786 815 1016 873 semper
1062 815 1228 857 senes
1277 797 1586 873 differunt,
1633 816 1783 874 quae
1829 795 2108 855 facienda
2153 798 2305 870 sunt,
2346 797 2454 853 aut

431 903 598 961 spem
642 885 972 963 longiorem
1015 884 1240 945 habent
1284 886 1550 960 uiuendi,
1593 886 1706 944 hac
1753 885 1823 944 de
1871 903 2051 944 causa
2086 889 2300 961 parata
2332 903 2450 943 non

428 976 690 1051 tangunt
737 966 824 1054 (Γ
836 975 959 1047 Ῡοζ

606 1079 766 1156 *Spe
811 1082 1023 1159 longus
1062 1072 1121 1162 (c
1130 1074 1215 1163 ζ)]
1299 1081 1465 1140 Idest
1509 1100 1646 1141 cum
1681 1082 1986 1157 proximus
2025 1081 2107 1140 sit
2143 1080 2333 1155 morti,
2375 1097 2447 1138 ea

429 1171 630 1227 tamen
676 1173 892 1245 sperat,
940 1188 1092 1246 quae
1138 1172 1317 1249 longe
1363 1173 1503 1230 sunt
1547 1170 1746 1246 posita
1793 1161 1999 1251 (Γὸοζ

324 1268 392 1317 10
606 1253 1037 1335 *(Aujdusque
1111 1252 1373 1337 futuri>]
1463 1258 1628 1318 Idest
1701 1259 1953 1334 cupidus
2026 1258 2243 1333 futuri,
2310 1257 2446 1334 quia

429 1364 659 1422 semper
703 1364 876 1405 senex
920 1350 1134 1407 timore
1179 1350 1390 1407 mortis
1436 1348 1641 1407 uiuere
1689 1347 2000 1407 desiderat.
2075 1348 2236 1407 Nam
2275 1347 2447 1406 timor

427 1437 636 1494 mortis
683 1435 1038 1495 desiderium
1083 1439 1247 1496 uitae
1294 1440 1385 1497 est
1432 1428 1554 1518 (Pb

608 1533 771 1603 173.
855 1542 1176 1602 *Difficilis
1252 1536 1406 1625 (οζ)]
1497 1543 1700 1603 Durus
1782 1543 1859 1602 ad
1941 1538 2440 1623 pr<a>estandum

457 1632 516 1688 Γ
534 1630 568 1688 b
596 1647 626 1688 c

324 1730 389 1779 15
429 1622 456 1710 <
605 1631 945 1788 *gaetulus
995 1712 1111 1802 (c)]
1192 1721 1519 1780 Iracundus
1569 1713 1774 1801 (Γὸσζ

603 1807 953 1868 *Laudator
999 1808 1057 1890 (c
1073 1802 1160 1891 ζ)]
1241 1809 1480 1869 Laudat
1523 1812 1798 1886 tempora
1842 1809 2100 1886 pristina
2150 1802 2348 1892 (Fbcg

608 1907 769 1976 174.
843 1915 963 1974 *Se
1009 1935 1191 1993 puero
1241 1909 1398 1997 (οζ)]
1479 1915 1609 1975 Hoc
1657 1920 1747 1976 est
1791 1916 1853 1974 in
1898 1916 2164 1993 pueritia
2209 1910 2363 2001 (Γσζ

602 1999 1099 2085 *(Castigator>]
1182 2005 1532 2083 Increpator
1578 1999 1666 2087 (Γ

603 2093 985 2171 *Censorque
1033 2086 1092 2176 (c
1103 2086 1188 2177 ζ)]
1274 2093 1639 2173 Obiurgator
1687 2086 1803 2174 (Γσ
1815 2097 1911 2167 §m

318 2209 387 2258 20
425 2280 453 2368 (
605 2193 854 2371 175·)§
873 2202 1367 2261 Adulescentibus
1407 2196 1691 2277 ‘ferunt’,
1735 2201 1891 2261 idest
1938 2201 2211 2260 afferunt.
2282 2201 2434 2259 Maro

456 2289 548 2348 ecl.
592 2294 656 2365 9,
697 2291 775 2348 51
821 2311 837 2348 z

745 2411 960 2474 Omnia
1004 2415 1122 2475 fert
1169 2417 1352 2490 aetaS,
1398 2415 1662 2474 animum
1708 2434 1943 2491 quoque
1982 2407 2071 2496 (Γ
2082 2416 2165 2475 Vc
2173 2417 2206 2488 ζ
2235 2418 2356 2475 sim.
2381 2431 2434 2470 m

601 2553 812 2630 §Anni
865 2555 1169 2616 uenientes
1227 2548 1380 2637 (οζ)]
1474 2556 1829 2617 crescentes.
1920 2557 2125 2634 Vsque
2183 2558 2258 2616 ad
2299 2574 2432 2633 qua·

426 2641 823 2720 dragesimum
874 2664 1094 2705 annum
1140 2648 1266 2706 siue
1315 2645 1875 2725 quinquagesimum
1919 2649 2125 2706 uenire
2173 2646 2432 2706 dicuntur

320 2742 387 2790 25
428 2734 597 2807 anni,
659 2732 796 2792 inde
850 2734 972 2792 iam
1026 2734 1324 2810 recedere,
1385 2735 1542 2794 idest
1588 2734 1766 2793 abire.
1860 2732 2081 2795 Omnes
2129 2737 2271 2795 anni
2314 2730 2428 2791 ‘ue-
2540 2759 2541 2806 χ

423 2816 684 2881 nientes'
733 2822 851 2881 dici
894 2827 1165 2898 possunt,
1211 2824 1393 2883 etiam
1441 2823 1548 2899 qui
1592 2824 1826 2883 senibus
1865 2824 2174 2901 accedunt,
2220 2824 2318 2884 sed
2348 2822 2429 2879 illi

422 2909 765 2987 praecipue,
822 2910 925 2987 qui
978 2930 1217 2971 accessu
1271 2931 1377 2971 suo
1434 2915 1495 2971 et
1549 2915 1810 2989 corporis
1869 2915 1929 2972 et
1985 2913 2173 2972 animi
2229 2913 2429 2991 augent

423 3001 709 3059 uirtutem
757 2991 843 3079 (Γ
856 3001 978 3073 Ῡοζ
2535 3013 2537 3080 χ

602 3194 630 3241 1
688 3187 927 3255 ideoque
978 3187 1148 3256 (ideq,
1188 3189 1261 3257 V)
1300 3219 1369 3228 —
1406 3191 1651 3259 tangunt
1695 3188 1904 3257 (tangit
1938 3191 2025 3256 οζ)
2062 3190 2212 3256 rbV,
2247 3205 2338 3243 om.
2373 3207 2421 3255 73

420 3259 551 3312 haec
612 3260 878 3313 sententia
940 3275 1008 3312 ex
1060 3260 1260 3313 scholio
1313 3266 1560 3328 sequente
1613 3261 1719 3313 hue
1770 3261 2063 3329 mrepsisse
2116 3262 2364 3315 uideatur

426 3335 490 3382 12
537 3330 732 3384 mortis
776 3330 928 3401 edit]
973 3330 1128 3383 uitae
1176 3333 1229 3383 Γ
1266 3348 1426 3384 enan.
1467 3332 1498 3385 b
1732 3334 1799 3383 20
1847 3330 2300 3386 adulescentibus
2341 3346 2368 3383 r
2384 3328 2428 3381 V

422 3399 912 3454 adholescentibus
941 3421 973 3469 γ
1010 3400 1164 3454 adol:
1194 3418 1248 3453 m
1275 3418 1376 3456 om.
1407 3407 1480 3466 εζ
1618 3402 1830 3473 ferunt]
1860 3418 1960 3457 om.
1991 3420 2023 3456 r
2058 3403 2098 3456 f.
2131 3407 2162 3467 ζ
2295 3400 2420 3454 idest

421 3471 657 3541 erssm]
694 3472 789 3526 uel
826 3493 858 3541 γ
1057 3477 1123 3525 23
1163 3475 1474 3527 crescentes
1515 3473 1657 3544 I'V]
1697 3489 1795 3527 om.
1827 3477 1896 3537 οζ
2081 3480 2149 3528 25
2185 3473 2417 3529 recedere

422 3540 470 3593 I.
505 3542 747 3594 Menrad
781 3544 945 3596 Arch.
975 3543 1017 3609 f.
1048 3543 1079 3595 l.
1113 3543 1401 3613 Lexikoyr.
1431 3543 1510 3597 IV
1536 3561 1595 3613 p.
1628 3544 1755 3615 521]
1794 3543 1950 3598 abire
1986 3546 2139 3600 codd.
2283 3543 2417 3598 abire

423 3610 498 3661 M
496 3611 689 3680 enrad]
726 3611 986 3665 recedere
1021 3614 1171 3667 codd.
1322 3620 1388 3667 26
1427 3617 1512 3668 set
1549 3636 1580 3683 γ
