2602 4013
299 206 431 270 510
787 204 1142 258 ADDENDA
1180 204 1328 258 AVT
1367 202 1837 257 CORRIGENDA

370 366 657 419 cuiusdam
731 367 953 419 lossema
989 366 1160 431 fuisse
1194 365 1441 432 suspicor
1477 365 1552 418 ad
1587 365 1756 418 uerba
1805 363 2026 431 ineptos
2074 361 2328 415 luxurio-

371 452 570 504 sosque
607 436 666 488 lu
708 452 768 489 os
807 438 925 505 (lin.
957 439 1011 506 3)
1049 437 1361 504 adpositum

301 507 327 559 Ι
355 525 417 575 Ρ.
448 512 548 560 307
591 508 685 561 lin.
719 512 785 560 13
823 524 936 561 uox
971 506 1210 576 grauida
1245 509 1334 561 hic
1370 507 1614 560 eiciendo
1650 511 1757 571 est;
1792 507 2028 572 pertinet
2062 508 2208 558 enim
2247 506 2329 560 ad

372 580 579 632 Horati
613 580 837 632 uerbwm
872 594 1150 648 praegnas
1187 596 1240 633 u.
1273 583 1331 630 2:
1373 577 1704 647 ‘Pregnans]
1744 575 1992 629 Grauida
2028 578 2096 646 91.
2130 578 2208 628 Γ’

298 650 322 701 I
352 667 410 717 Ρ.
443 655 543 701 311
586 650 680 702 lin.
716 654 743 701 7
785 666 891 717 pro
942 649 1141 702 similis
1188 665 1350 703 sexus
1407 648 1798 717 indignatione
1845 647 2140 702 Stowasser
2187 665 2321 716 pro·

361 723 525 789 ponit
561 720 763 773 simul
802 737 946 773 cum
983 736 1179 773 sexus
1216 719 1653 773 indicatione

298 790 322 842 Ι
351 809 410 859 Ρ.
442 796 545 844 314
584 793 678 845 lin.
716 796 778 844 12
827 799 953 845 ante
1002 791 1149 845 idest
1199 809 1322 845 cum
1367 791 1692 845 Stowassero
1741 807 1947 844 nouum
1994 793 2188 845 lemma
2235 795 2328 846 irt-

367 863 651 916 serendum
687 870 789 916 est:
826 861 1187 915 Cantabimus
1225 861 1471 916 inuicem

297 933 322 985 Ι
352 951 410 1000 p.
443 938 545 986 339
585 935 679 987 lin.
716 939 778 987 11
799 951 875 1002 sq.
915 933 1021 987 Pro
1058 934 1351 1002 tamquam
1387 935 1669 987 mortuum
1716 931 1849 1002 (iam
1886 949 2039 986 more
2076 935 2154 1003 A)
2200 935 2322 989 Sto-

368 1022 565 1059 wasser
600 1006 728 1058 bene
756 1007 1021 1073 proponit
1055 1005 1188 1057 iam
1223 1004 1548 1058 minorem

296 1076 320 1127 I
351 1092 409 1142 p.
442 1081 542 1128 345
583 1077 677 1128 lin.
712 1081 739 1127 7
781 1078 875 1146 leq.
914 1076 1052 1130 Aen.
1082 1075 1210 1129 VIII
1238 1092 1344 1143 pro
1383 1076 1520 1130 Aen.
1549 1074 1650 1128 VII

296 1146 322 1198 Ι
350 1152 543 1270 Ρὴέ49
584 1148 679 1200 lin.
712 1151 794 1200 34.
853 1147 1089 1201 Sanetus
1124 1148 1353 1217 Ayileus
1389 1148 1758 1201 celeberrimus
1794 1154 2004 1218 martyr
2021 1148 2156 1213 fuit
2186 1148 2326 1202 Car-

368 1224 388 1271 t
460 1219 727 1287 ⁸(liniensis

296 1287 320 1339 I
349 1305 409 1355 p.
441 1292 541 1340 355
582 1290 675 1342 lin.
709 1295 775 1341 23
806 1306 914 1357 pro
945 1291 1185 1343 lemmate
1213 1290 1414 1343 codicis
1433 1290 1488 1342 A
1516 1306 1638 1343 cum
1656 1289 1982 1343 Stowassero
2009 1289 2323 1344 adscriben-

367 1359 498 1413 dum
535 1366 612 1413 est
648 1359 900 1428 Ceaeque

295 1428 319 1480 I
349 1447 407 1498 p.
440 1435 542 1483 356
582 1431 677 1483 lin.
710 1437 774 1483 21
808 1449 913 1499 pro
950 1447 1019 1484 ne
1059 1433 1165 1501 leye
1202 1447 1329 1499 quo

295 1500 319 1552 Ι
348 1519 407 1569 Ρ.
440 1507 539 1554 361
583 1502 678 1555 lin.
709 1508 739 1554 2
806 1503 1137 1556 Emendatio
1201 1520 1321 1557 mea
1386 1501 1675 1555 debriatur
1738 1519 1774 1556 a
1828 1504 1953 1562 uiro
2007 1502 2327 1556 doctissimo

366 1574 601 1640 quodam
637 1575 964 1644 impuynata
1000 1574 1314 1639 defenditur
1350 1575 1486 1627 conl.
1523 1575 1681 1628 schol.
1722 1591 1764 1627 c.
1802 1572 1880 1625 III
1918 1578 2000 1638 19,
2035 1578 2099 1626 18

293 1643 319 1695 Ι
348 1661 406 1711 Ρ.
437 1649 540 1696 364
581 1645 676 1697 lin.
711 1650 774 1697 15
805 1652 933 1712 post
967 1645 1186 1713 Progne
1223 1644 1351 1698 add.
1391 1661 1597 1698 comma

294 1715 318 1764 I
349 1732 407 1781 p.
440 1720 541 1768 376
582 1717 677 1769 lin.
710 1722 740 1767 2
779 1723 829 1770 et
866 1718 962 1769 lin.
994 1721 1025 1769 5
1066 1717 1158 1786 leq.
1201 1717 1323 1770 AV
1347 1732 1449 1784 pro
1488 1716 1543 1768 A

294 1785 319 1836 Ι
349 1803 420 1867 Ρ.ο
440 1791 541 1839 386
583 1788 676 1840 lin.
710 1791 777 1839 20
799 1804 905 1854 Ρνο
924 1787 1831 1841 codicum‘hocannium'Heraeus
1850 1786 2096 1841 emendat
2109 1786 2328 1840 hocan-

364 1874 561 1909 muum

293 1927 319 1978 I
346 1945 404 1995 p.
438 1933 540 1980 389
581 1929 677 1981 lin.
710 1934 740 1980 2
781 1930 874 1998 leq.
918 1934 984 1981 14
1014 1945 1120 1996 pro
1158 1935 1190 1981 4

293 1999 317 2049 Ι
347 2016 405 2068 Ρ.
438 2004 540 2082 417
562 2000 675 2082 Jiu,
708 2004 773 2053 23
805 2017 912 2068 pro
939 1999 1224 2069 Repetitio
1265 1999 1468 2053 amoris
1510 1999 1711 2068 (codd.)
1743 2016 1993 2068 propono
2026 1998 2327 2068 Repetitio

364 2087 605 2124 nom1n1s

294 2140 318 2192 I
347 2159 405 2209 p.
437 2148 539 2194 422
580 2144 675 2196 lin.
708 2148 739 2195 8
778 2142 1218 2197 Maulistriae
1258 2168 1325 2185 =
1365 2139 1694 2216 μαυλιστρίᾳ
1733 2142 1873 2208 (uid.
1903 2141 2158 2196 Heraeus
2196 2145 2230 2197 l.
2255 2145 2321 2211 l.)

364 2213 431 2279 cf.
474 2214 641 2268 Hebr.
679 2207 775 2264 ΒΜ
817 2213 1212 2267 circumcidere

293 2283 317 2335 Ι
346 2301 406 2351 Ρ.
436 2290 539 2337 438
577 2303 631 2338 u.
663 2290 729 2337 33
769 2285 910 2339 adde
947 2288 1038 2352 (ex
1074 2284 1285 2339 duobus
1321 2285 1474 2350 foliis
1499 2284 2027 2354 HamburyensibuS,
2055 2284 2125 2349 cf.
2149 2302 2323 2352 prae-

363 2355 677 2423 fationem):
706 2354 1069 2426 [CREDVLA
1097 2354 1241 2408 NEC
1271 2354 1560 2409 GRAVOS
1590 2354 1897 2426 LEONES]
1929 2353 2209 2409 Grauidos
2239 2358 2321 2425 (A

294 2456 360 2465 —-
398 2444 451 2479 u.
484 2432 551 2479 34
591 2428 686 2497 leq.
717 2428 894 2495 AVep
923 2444 1030 2495 pro
1067 2428 1206 2495 ch

292 2497 317 2549 Ι
344 2514 404 2564 Ρ.
435 2503 538 2550 440
575 2516 629 2551 u.
662 2503 727 2551 37
768 2500 830 2551 in
865 2515 1062 2567 appar.
1090 2499 1261 2552 adde:
1298 2513 1522 2565 exspers
1550 2499 1605 2551 A
1647 2530 1710 2537 —
1749 2513 1903 2551 more
1933 2498 1988 2550 A
2028 2529 2090 2535 —
2131 2497 2324 2550 nolint

365 2568 556 2621 scitari
594 2570 648 2621 A
686 2576 737 2624 et
770 2571 926 2623 scrib.
966 2570 1163 2637 Ach
1193 2585 1298 2637 pro
1338 2570 1479 2636 ch

294 2670 359 2676 --
398 2656 451 2691 u.
486 2644 550 2691 39
588 2641 744 2693 scrib.
785 2641 944 2707 AVp
982 2646 1032 2693 et
1066 2641 1263 2707 Ach

292 2741 357 2747 —
397 2726 451 2763 u.
483 2715 550 2761 40
587 2712 742 2764 scrib.
784 2711 979 2778 AVep
1006 2727 1114 2778 pro
1151 2712 1298 2778 ch,
1336 2712 1464 2765 item
1500 2729 1553 2764 u.
1586 2716 1672 2777 41,
1720 2718 1771 2765 et
1808 2712 1903 2765 lin.
1937 2716 2003 2763 14
2050 2711 2150 2764 ire
2198 2728 2321 2763 uo-

362 2780 577 2834 luisse
614 2798 735 2835 cum
772 2784 826 2836 A
862 2798 964 2849 pro
999 2781 1246 2835 uoluisse
1283 2781 1365 2835 ire

294 2884 358 2890 —
398 2854 492 2905 lin.
528 2858 592 2905 15
629 2854 786 2907 scrib.
830 2853 911 2906 ait
948 2854 1069 2907 AV
1090 2871 1195 2921 pro
1234 2853 1318 2906 ait
1366 2855 1420 2908 V

292 2954 357 2960 —
399 2926 493 2977 lin.
529 2928 593 2976 16
631 2926 787 2978 scrib.
826 2925 1097 2978 tirrenum
1136 2925 1257 2978 AV
1276 2941 1384 2993 pro
1420 2924 1693 2977 tirrenum
1741 2925 1795 2978 V

290 2994 401 3061 ΙΡ.
433 3002 535 3048 442
574 3013 629 3049 u.
652 3000 718 3048 42
758 2998 897 3050 dele
933 2995 1119 3049 Idest
1156 3003 1214 3051 et
1248 2996 1575 3049 cancellis
1610 2996 1882 3050 include
1917 2996 2320 3049 ut—uaria-

360 3083 526 3132 rum3
563 3066 762 3121 ibidem
791 3084 897 3135 pro
935 3068 1074 3134 ch
1102 3068 1272 3121 scribe
1310 3068 1507 3134 Ach

288 3167 357 3175 --
394 3155 446 3190 u.
479 3143 547 3190 43
584 3140 753 3193 uerba
798 3141 863 3192 ut
907 3137 1166 3206 uir-gilius
1213 3140 1313 3206 (an
1356 3136 1630 3207 uergilius
1642 3139 1685 3207 ·?)
1742 3144 2085 3191 euanuerunt
2131 3139 2195 3190 in
2241 3139 2317 3192 A.

360 3209 474 3262 Pro
511 3209 648 3277 ch
678 3209 848 3263 scribe
884 3211 1034 3264 AVc
1043 3226 1084 3276 p

290 3310 356 3315 ——
394 3298 448 3332 u.
480 3286 548 3332 45
585 3281 755 3335 scribe
792 3279 1270 3333 habundantia
1309 3297 1431 3334 cum
1469 3280 1627 3348 AVp
1656 3297 1763 3347 pro
1801 3279 1887 3333 ab.

291 3381 355 3386 ——
394 3370 449 3404 u.
480 3355 548 3402 46
585 3352 756 3405 scribe
793 3352 943 3405 AVe

289 3451 354 3457 —
394 3424 468 3474 Iri
505 3429 783 3490 apparatu
818 3424 988 3476 scribe
1025 3424 1098 3492 (u.
1132 3425 1183 3491 1)
1222 3438 1322 3476 om.
1363 3423 1481 3488 Ac,
1520 3425 1592 3490 (u.
1619 3425 1669 3491 1)
1709 3439 1808 3476 om.
1849 3422 1978 3488 AV,
2017 3423 2091 3489 (u.
2117 3423 2168 3490 6)
2209 3438 2313 3476 om.

359 3493 488 3558 AV,
537 3497 609 3561 (u.
642 3495 695 3561 8)
742 3493 803 3544 id
841 3519 906 3537 =
946 3493 1094 3546 idest
1131 3494 1186 3546 A
1234 3494 1405 3562 (quod
1445 3494 1661 3562 quidem
1704 3499 1841 3548 recte
1885 3493 2209 3561 scripseram
2249 3510 2320 3546 ex

359 3564 710 3629 coniectura),
747 3582 802 3616 u.
835 3569 864 3615 9
903 3565 1067 3631 Acp,
1105 3581 1159 3617 u.
1194 3568 1258 3616 10
1298 3563 1447 3618 oliue
1484 3566 1539 3618 A
