2602 4013
967 211 1185 266 EPIST.
1219 213 1270 265 H
1298 219 1328 266 1
2025 215 2153 279 281

163 379 394 440 dicentes
444 379 593 439 illud
642 398 765 439 esse
809 380 987 440 molle
1000 425 1015 454 ,
1071 380 1226 457 quod
1272 382 1631 440 naturaliter
1675 380 1888 440 durum
1935 384 2050 457 est,
2097 385 2159 442 et

161 469 286 527 illud
333 469 567 544 durum,
615 469 771 544 quod
818 471 1176 529 naturaliter
1219 471 1397 528 molle
1446 462 1757 551 (s(yoc)V

314 552 431 619 28.
506 557 618 615 *Si
663 558 813 617 'ideo
869 562 1050 636 negat
1101 560 1360 635 populus
1406 559 1674 619 nouellos
1718 562 1927 636 poetas
1971 561 2156 619 bonos

161 664 286 720 esse,
342 650 485 722 quia
529 666 649 705 non
695 650 836 706 sunt
881 648 1144 722 antiqui,
1190 643 1525 726 Gr(a>ecos
1568 667 1712 707 uero
1757 648 1969 723 bonos»,
2017 651 2159 723 quia

162 738 274 794 sunt
311 738 563 811 antiqui,
598 736 685 794 nil
720 739 928 811 restat,
964 736 1080 794 nisi
1108 737 1461 814 denegemus
1490 757 1578 812 ea,
1615 756 1768 813 quae
1797 739 2153 797 natm-aliter
2231 747 2264 796 5

162 828 290 899 sunt,
333 824 487 884 idest
533 828 602 883 ut
647 843 712 884 os
750 825 915 885 oleae
951 844 1072 884 non
1108 826 1188 885 sit
1223 826 1438 885 durum
1475 830 1536 884 et
1569 829 1728 885 testa
1763 828 1946 902 nuciS,
1995 827 2154 902 quod

161 915 497 972 contrarium
544 917 635 973 est
680 905 898 996 (1⁷(re)

314 995 430 1062 31.
467 1002 600 1061 Hoc
637 1006 752 1061 est:
791 1006 843 1061 si
877 1021 997 1061 non
1034 1003 1175 1061 licet
1209 1005 1631 1079 contradicere,
1665 1023 1948 1082 negemus
1975 1006 2159 1063 etiam

162 1110 238 1164 ea,
298 1110 448 1166 quae
500 1092 706 1166 palam
760 1092 1068 1168 uidentur,
1130 1092 1288 1152 idest
1342 1095 1550 1152 contra
1595 1096 1873 1151 naturam
1920 1112 2157 1167 consen·

160 1181 354 1239 fiamus
400 1172 688 1261 (PabfV
1961 1166 1977 1181 “
2196 1193 2265 1241 10

314 1269 555 1329 Sensus:
629 1271 681 1328 si
744 1269 1151 1328 mentiendum
1216 1273 1330 1345 est,
1395 1270 1616 1346 inquit,
1682 1290 1865 1347 quare
1921 1291 2039 1330 non
2097 1274 2158 1330 et

160 1357 282 1416 haec
324 1358 491 1417 nobis
542 1357 935 1418 assumimus?
984 1352 1154 1438 (sab
1178 1359 1234 1417 V

314 1437 427 1507 34.
499 1446 633 1507 Hoc
687 1450 800 1506 est:
864 1449 918 1506 si
969 1447 1337 1523 temporibus
1391 1447 1669 1506 meritum
1726 1451 1990 1507 carmina
2035 1468 2156 1508 sor·

159 1532 365 1594 tiuntur
427 1538 489 1594 et
549 1539 724 1594 erunt
777 1538 933 1596 sicut
985 1538 1152 1611 uina,
1217 1537 1401 1594 uelim
1454 1539 1627 1612 scire,
1692 1539 1908 1612 quotus
1967 1556 2155 1596 annus

163 1641 371 1682 carmen
416 1623 721 1683 laudabile
767 1625 989 1684 efficiat
1035 1617 1254 1705 (Pabf
1267 1626 1324 1685 V
2197 1637 2265 1684 15

312 1705 587 1772 38—51
641 1714 790 1772 absc.
826 1716 892 1772 in
919 1715 953 1772 b

310 1793 425 1862 40.
502 1801 633 1861 Hoc
680 1806 793 1862 est:
856 1802 1001 1878 quid
1049 1802 1121 1861 de
1164 1802 1271 1861 illo
1317 1806 1496 1879 poeta
1541 1803 1815 1876 dicimus,
1873 1804 1979 1877 qui
2021 1805 2159 1879 post

160 1889 306 1948 illum
321 1937 335 1965 ,
397 1893 504 1966 qui
560 1894 697 1950 ante
754 1895 988 1950 centum
1045 1910 1229 1950 annos
1284 1894 1553 1950 mortuus
1609 1894 1722 1967 est,
1787 1891 1986 1950 deficit
2039 1910 2157 1950 uno

161 1981 369 2039 tantum
411 1999 614 2040 mense
658 1978 990 2057 posterior?
1038 1971 1210 2060 (Pas
1223 1981 1280 2040 V

311 2061 426 2131 45.
502 2068 695 2145 Sicut,
767 2072 992 2145 inquit,
1054 2070 1350 2147 paulatim
1413 2071 1679 2145 carpitur
1742 2068 1931 2128 cauda
1995 2071 2151 2144 equi,
2191 2081 2262 2129 20

164 2175 436 2235 quousque
491 2161 624 2218 tota
679 2160 760 2218 sit
812 2162 1104 2236 extracta,
1161 2161 1251 2218 ita
1297 2162 1358 2217 et
1403 2177 1511 2236 ego
1557 2159 1854 2234 paulatim
1900 2158 2153 2217 euellam

162 2264 441 2306 numerum
488 2249 726 2307 centum
774 2266 1083 2320 annorum,
1130 2248 1314 2306 donec
1350 2247 1639 2307 subducto
1679 2267 1889 2306 aceruo
1927 2248 2158 2306 numeri

164 2331 464 2411 decipiatur
509 2337 632 2412 ffle,
678 2336 783 2411 qui
826 2356 934 2412 per
978 2340 1339 2396 uetustatem
1385 2338 1668 2412 temporis
1706 2336 1916 2395 laudat
1949 2339 2157 2412 poetas

164 2425 214 2479 et
262 2441 488 2484 carmen
543 2428 809 2501 ipsorum
866 2429 927 2483 et
978 2421 1343 2504 <a>estimat
1395 2427 1682 2483 uirtutem
1728 2425 2004 2485 carminis
2051 2447 2158 2485 nu-

166 2530 302 2571 mero
345 2533 636 2573 annorum
683 2505 904 2594 (PfeV
2194 2526 2264 2575 25

313 2602 613 2679 =''Crisippi
676 2603 992 2681 sillogismi
1054 2606 1194 2661 sunt
1256 2622 1359 2662 seu
1415 2602 1683 2662 dominos
1740 2596 1871 2685 (leq.
1907 2604 2155 2680 pseudo-

165 2683 362 2771 menos)
428 2695 490 2751 et
553 2692 791 2765 sorites3
854 2711 958 2751 seu
1023 2691 1290 2751 dominos
1356 2684 1487 2773 (leq.
1523 2685 1982 2774 pseudomenos)
2048 2696 2156 2767 est,

313 2883 342 2930 2
369 2877 708 2933 naturaliter
732 2877 903 2932 molle
922 2879 982 2949 α]
1012 2879 1349 2932 naturaliter
1375 2880 1462 2932 est
1488 2879 1658 2933 molle
1677 2900 1709 2948 γ
1746 2878 1916 2933 molle
1943 2881 2095 2934 estV

167 2948 195 2994 9
224 2962 279 3000 ea
311 2950 514 3020 Poebt]
553 2950 724 3004 om.V
941 2949 1112 3020 idest]
1152 2950 1303 3017 quod
1342 2951 1396 3004 V
1603 2956 1666 3003 11
1708 2950 1925 3021 sensus]
1965 2966 2158 3004 sensus

168 3018 238 3069 eet
269 3020 315 3072 V
501 3022 588 3075 est
624 3020 833 3091 inquit]
873 3020 1071 3089 inquid
1110 3023 1195 3074 est
1233 3022 1287 3075 V
1495 3027 1562 3074 14
1601 3022 1659 3075 et
1694 3022 1799 3092 γα]
1838 3038 1938 3075 om.
1969 3027 2083 3074 cett.

166 3087 308 3143 uelim
333 3124 398 3131 —
429 3091 645 3146 efficiat
680 3092 784 3162 γα]
825 3108 924 3146 om.
956 3093 1033 3158 bf
1046 3094 1120 3159 V;
1155 3094 1219 3146 in
1253 3111 1320 3147 νε
1356 3093 1487 3146 haec
1522 3094 1776 3161 legimus.-
1840 3090 1915 3158 Si,
1954 3090 2156 3157 inquit,

166 3164 396 3216 uenustas
435 3164 536 3231 (sic
563 3180 645 3228 re,
684 3163 941 3217 Hauthal
969 3164 1113 3229 falso
1139 3165 1417 3233 uetustas)
1447 3164 1505 3216 et
1530 3163 1794 3216 honestas
1822 3163 1882 3215 in
1910 3161 2157 3215 carmine

167 3229 420 3299 tamqnam
457 3234 519 3287 in
555 3233 690 3287 uino
726 3250 827 3303 per
862 3235 962 3302 (sic
995 3252 1083 3300 re,
1119 3250 1218 3289 om.
1249 3235 1526 3302 Hauthal)
1562 3235 1785 3302 tempus
1821 3232 2159 3300 inquirenda

170 3302 256 3368 est,
308 3305 483 3359 uelim
538 3304 706 3371 scire,
762 3307 965 3372 quotus
1022 3321 1200 3359 annus
1252 3304 1543 3359 laudabile
1598 3320 1821 3358 carmen
1877 3302 2088 3356 efficiat

174 3374 223 3421 1'1
253 3377 432 3447 poeta]
471 3393 573 3431 om.
603 3393 635 3429 r
849 3381 914 3428 21
964 3378 1273 3447 quousque]
1325 3378 1502 3430 donec
1536 3392 1568 3428 r
1782 3376 1861 3446 et]
1910 3391 2009 3429 om.
2043 3375 2097 3428 V

172 3444 222 3492 22
252 3461 438 3501 aceruo
476 3446 694 3502 numeri
730 3447 810 3515 yf
811 3448 859 3517 ε]
897 3448 1122 3501 numeri·
1153 3463 1355 3501 aceruo
1392 3465 1423 3502 r
1459 3462 1659 3500 aceruo
1702 3448 1755 3501 V
1926 3450 1994 3498 23
2031 3444 2157 3515 ille]

174 3526 249 3567 on.
275 3518 364 3584 yV
528 3524 596 3571 26
634 3518 731 3571 hoc
757 3518 917 3572 schol.
947 3534 1047 3571 om.
1077 3518 1353 3585 Hauthal,
1389 3520 1589 3572 emend.
1622 3519 1715 3583 K,
1752 3518 1894 3572 stud.
1929 3517 2157 3572 Vindob.

176 3587 306 3653 1901,
333 3607 388 3658 p.
422 3595 523 3643 118
670 3594 735 3641 27
777 3590 999 3659 sorites]
1037 3589 1232 3642 forites
1268 3591 1306 3655 f
1333 3590 1535 3643 soritas
1574 3593 1670 3643 Γα
