2602 4013
799 220 897 274 DE
935 220 1130 274 ARTE
1167 176 1489 276 POET10A⁸
2019 220 2147 283 329

319 382 471 455 122.
554 385 780 467 *<Iura
835 394 1013 468 neget
1067 390 1182 450 sibi
1236 383 1450 469 nata>]
1540 388 1784 448 Nesciat
1836 389 1995 466 leges
2039 407 2149 464 pro

169 480 398 554 potentia
442 498 567 554 sua,
613 499 735 538 non
778 482 1022 556 propter
1066 480 1472 557 ignorantiam
1520 470 1641 558 (Pb

310 583 532 661 §Nihil
595 605 717 645 non
776 589 1015 663 arroget
1070 588 1252 645 armis
1311 579 1412 667 (οξ
1441 602 1594 644 com.
1627 577 1741 666 V)]
1830 585 1999 643 Nihil
2053 586 2152 658 sit,

170 674 294 748 quod
351 694 469 733 non
534 677 732 752 speret
793 676 1126 752 perpetrari
1186 692 1295 751 per
1359 692 1549 748 arma,
1613 677 1903 750 quantum
1957 673 2033 733 ad
2089 692 2149 733 se

168 766 380 838 speetat3
426 765 570 839 quia
612 764 1019 839 unusquisque
1063 763 1342 823 fiduciam
1389 782 1558 823 suam
1601 765 1903 840 priuatam
1948 762 2152 836 credit,

167 871 254 910 non
295 853 636 913 existimans
683 872 808 913 esse
853 870 1240 927 communem,
1284 853 1441 912 idest
1483 854 1553 911 ut
1598 854 1678 911 sit
1722 855 2152 928 praesumptor,

166 941 466 1109 Ξὲὁὴῗξιεὲὺ
519 941 799 1002 fiduciam
854 941 1159 1018 uincendi,
1218 945 1286 1000 ut
1342 943 1541 1000 omnia
1588 943 1769 1001 armis
1816 940 2153 1000 deuindicet

352 1048 384 1090 c
1533 1039 1536 1046 .

308 1129 472 1198 123.
520 1135 559 1213 ξ
578 1136 824 1196 Flebilis
853 1136 961 1195 Ino
993 1129 1049 1217 (c
1058 1130 1145 1219 ζ)]
1194 1137 1438 1197 Flebilis
1483 1140 1728 1213 propter
1774 1138 2153 1196 amissionem

163 1224 395 1285 filiorum.
473 1225 785 1302 Athamas,
830 1228 1080 1286 maritus
1127 1225 1270 1301 eius,
1316 1246 1502 1284 unum
1541 1228 1883 1302 persecutus
1920 1225 2153 1299 occidit,

164 1314 407 1391 alterum,
473 1315 616 1374 dum
671 1315 963 1390 sequitur,
1018 1315 1161 1374 fecit
1213 1317 1278 1374 in
1334 1317 1525 1374 maria
1582 1314 1844 1390 desilire,
1902 1333 2154 1390 quorum

161 1407 319 1463 mater
360 1406 532 1482 luget
576 1405 887 1463 interitum
934 1396 1056 1485 (Pb
1080 1404 1201 1475 ch'

306 1509 580 1586 §Aliterz
615 1510 726 1569 Ino
761 1530 911 1569 uxor
945 1510 1333 1571 Athamantis
1370 1511 1505 1585 fuit,
1543 1529 1695 1586 quae
1731 1511 1992 1569 furorem
2029 1529 2152 1569 ma-

157 1601 244 1658 riti
291 1600 526 1679 fugiens
582 1618 645 1659 se
696 1602 1121 1676 praecipitauit
1173 1601 1238 1659 in
1283 1619 1447 1659 mare
1492 1619 1627 1659 cum
1671 1599 1823 1675 filio,
1889 1603 1949 1657 et
1994 1598 2155 1658 dicta

159 1691 231 1747 est
259 1687 593 1748 Leucothea
640 1692 701 1747 et
743 1688 900 1749 filius
948 1690 1074 1748 eius
1121 1688 1425 1762 Palemon,
1471 1690 1576 1764 qui
1609 1688 1941 1748 Melicertes
1978 1691 2156 1747 antea

161 1768 438 1837 dicebatur
486 1769 794 1857 (Pachc

310 1876 476 1945 124.
552 1882 591 1959 ξ
610 1882 878 1943 Perfidus
922 1883 1096 1942 Ixion
1145 1875 1299 1963 (V)]
1391 1883 1574 1943 Moris
1621 1887 1751 1943 erat
1796 1881 1956 1959 apud
2002 1884 2156 1941 anti·

161 1990 298 2048 quoS,
340 1976 411 2034 ut
457 1976 599 2034 ante
636 1972 844 2034 ductas
879 1991 1091 2033 uxores
1126 1973 1426 2050 nuptialia
1461 1991 1709 2032 munera
1743 1973 1903 2032 ultro
1942 1973 2156 2032 soceris

159 2059 353 2123 darent.
438 2062 613 2122 Ixion
658 2081 817 2141 ergo,
862 2081 997 2122 cum
1040 2062 1227 2121 filiam
1271 2062 1505 2139 Eponei
1548 2063 1871 2138 accepisset
1916 2080 2158 2121 uxorem

160 2154 204 2208 et
257 2152 453 2211 dotem
519 2151 690 2211 daret
750 2151 1005 2225 inuituS,
1069 2150 1334 2211 scrobem
1387 2152 1531 2211 fecit
1582 2153 1914 2228 ingentem,
1978 2170 2158 2226 quam

159 2240 271 2316 igne
313 2242 574 2318 repleuit
620 2260 688 2299 ac
734 2259 1027 2299 summam
1062 2240 1277 2298 leuiter
1315 2241 1507 2300 cinere
1544 2241 1820 2299 contexit.
1893 2239 1966 2297 In
2002 2240 2156 2298 hanc

157 2345 425 2404 socerum,
472 2349 651 2405 quem
696 2329 983 2389 simulans
1030 2327 1107 2388 ad
1152 2348 1359 2389 cenam
1403 2330 1796 2403 inuitauerat,
1842 2330 2049 2389 mersit
2088 2347 2158 2387 ac

157 2418 223 2476 sic
269 2437 481 2495 passus
537 2422 628 2478 est
679 2420 888 2477 uiuum
941 2418 1116 2476 illum
1160 2420 1351 2494 exuri3
1416 2416 1490 2476 ob
1535 2419 1647 2477 hoc
1689 2417 1948 2494 perfidus
1995 2410 2155 2496 [ille]

157 2504 322 2567 dictus
368 2510 462 2567 est
509 2497 606 2587 (eat
640 2499 911 2587 Porph.);
972 2508 1096 2566 siue
1146 2508 1456 2582 quoniam,
1510 2506 1651 2565 dum
1696 2508 1951 2566 eonuiua
1996 2506 2157 2567 Iouis

156 2600 309 2671 esset,
359 2596 651 2667 Iunonem
697 2595 769 2654 de
816 2598 1020 2672 stupro
1065 2596 1428 2656 temulentus
1474 2596 1778 2673 appellare
1826 2615 2003 2656 ausus
2050 2599 2154 2656 est.

154 2682 260 2743 Alii
302 2685 528 2759 dicunt,
575 2685 732 2760 quod
767 2683 899 2743 ideo
936 2683 1195 2761 perfidus
1233 2684 1427 2744 dictus
1465 2684 1561 2759 sit,
1608 2684 1767 2760 quod
1804 2685 2157 2744 concedente

156 2769 275 2832 Ioue
319 2775 464 2835 coiit
510 2793 645 2833 cum
687 2773 915 2832 Iunone
964 2777 1024 2831 et
1068 2776 1276 2850 postea
1321 2774 1607 2849 patefecit
1654 2765 1822 2853 (rab
1847 2775 1925 2832 Vc
1933 2775 1966 2846 ζ

309 2966 341 3013 2
382 2977 484 3014 sua
513 2960 571 3031 γ]
608 2977 708 3015 om.
737 2959 810 3014 rb
958 2965 987 3013 7
1026 2959 1351 3013 deuindicet
1387 2960 1567 3031 codd]
1605 2960 1880 3014 diiudicet
1907 2960 2159 3015 Heraeus

161 3029 384 3086 uindicet
412 3031 669 3086 Hauthal
706 3030 971 3085 deuincat
998 3031 1184 3102 Pauly
1328 3035 1360 3084 9
1398 3030 1460 3086 fl:
1498 3031 1592 3084 ino
1656 3031 1848 3085 lemma
1884 3032 1960 3085 ad
1986 3049 2040 3085 u.
2057 3036 2158 3085 126

158 3104 411 3180 minens
443 3104 552 3157 huc
586 3103 780 3157 inserit
818 3103 872 3156 V
1008 3107 1072 3155 11
1111 3100 1249 3156 fecit
1283 3101 1346 3155 in
1381 3102 1561 3156 maria
1638 3101 1850 3225 essffiffiil
1886 3102 2024 3156 fecit
2063 3101 2159 3154 de-

165 3169 294 3227 ulire
327 3174 389 3227 in
424 3173 606 3227 maria
645 3175 699 3229 V
727 3172 935 3228 cecidit
971 3173 1030 3226 in
1066 3188 1220 3227 mare
1256 3176 1327 3237 (ιζ
1503 3179 1569 3227 12
1607 3175 1789 3227 mater
1846 3175 1983 3241 uget
2018 3172 2158 3243 intz]

163 3241 349 3298 exitum
385 3244 484 3299 fiet
519 3246 701 3298 mater
735 3248 805 3308 οξ
973 3249 1038 3297 13
1076 3243 1267 3316 aliter]
1303 3258 1405 3299 om.
1438 3265 1476 3297 α
1637 3259 1782 3312 quae
1820 3249 1836 3306 (
1842 3259 1951 3311 que
1987 3246 2035 3312 c)
2072 3244 2157 3296 fu-

159 3317 340 3388 rorem]
386 3331 556 3386 quem
599 3314 845 3369 furorem
889 3318 921 3379 ζ
970 3330 1137 3382 quem
1182 3317 1465 3369 amentem
1511 3335 1549 3367 α
1766 3320 1832 3369 18
1877 3313 2160 3383 nuptialia

161 3397 185 3431 r
200 3383 316 3451 ch
348 3387 751 3457 Porphyrionis
786 3386 900 3441 cod.
940 3388 998 3441 P
1061 3386 1361 3455 nuptualia
1398 3408 1430 3456 γ
1485 3385 1730 3454 nuptiali
1775 3407 1838 3452 α,
1877 3386 1909 3443 b
1946 3385 2086 3440 absc.

162 3459 391 3529 munera]
427 3476 528 3513 om.
558 3478 592 3527 y
628 3474 751 3527 opp.
778 3459 943 3512 etiam
1324 3463 1388 3511 19
1428 3457 1695 3511 darentur
1730 3458 1811 3511 ab
1957 3461 2023 3509 23
2059 3456 2160 3512 ille

164 3523 206 3572 Γ
222 3542 314 3582 om.
344 3529 424 3583 ab
445 3531 569 3592 7οζ
710 3533 775 3582 27
825 3527 962 3582 coiit
1011 3458 1159 3582 eumh
1173 3528 1381 3582 iunone
1420 3529 1534 3599 Pb]
1572 3528 1875 3583 concubuit
1912 3545 2040 3583 cum
2075 3529 2160 3582 iu-

163 3608 284 3652 none
319 3621 354 3653 α
392 3617 520 3654 cum
556 3599 764 3655 iunone
801 3599 1104 3654 concubuit
1139 3604 1207 3663 εζ
1232 3615 1331 3654 om.
1349 3602 1402 3655 V

2223 775 2255 823 5

2193 1236 2258 1284 10

2195 1700 2260 1748 15

2193 2159 2262 2208 20

2194 2605 2261 2654 25
