<?xml version="1.0" encoding="UTF-8"?>
<!DOCTYPE html PUBLIC "-//W3C//DTD XHTML 1.0 Transitional//EN"
    "http://www.w3.org/TR/xhtml1/DTD/xhtml1-transitional.dtd">
<html xmlns="http://www.w3.org/1999/xhtml" xml:lang="en" lang="en">
 <head>
  <title>
</title>
<meta http-equiv="Content-Type" content="text/html;charset=utf-8" />
  <meta name='ocr-system' content='tesseract 3.04.00' />
  <meta name='ocr-capabilities' content='ocr_page ocr_carea ocr_par ocr_line ocrx_word'/>
</head>
<body>
  <div class='ocr_page' id='page_1' title='image "./pseudacronissch03kellgoog_0134.png"; bbox 0 0 2602 4013; ppageno 0'>
   <div class='ocr_carea' id='block_1_1' title="bbox 403 218 1772 286">
    <p class='ocr_par' dir='ltr' id='par_1_1' title="bbox 403 218 1772 286">
     <span class='ocr_line' id='line_1_1' title="bbox 403 218 1772 286; baseline -0.002 -11"><span class='ocrx_word' id='word_1_1' title='bbox 403 222 490 286; x_wconf 88' lang='lat'><strong>84</strong></span> <span class='ocrx_word' id='word_1_2' title='bbox 1061 219 1306 274; x_wconf 78' lang='lat' dir='ltr'><strong>SGHOL.</strong></span> <span class='ocrx_word' id='word_1_3' title='bbox 1331 218 1400 274; x_wconf 79' lang='lat' dir='ltr'><strong>P&#39;</strong></span> <span class='ocrx_word' id='word_1_4' title='bbox 1416 221 1470 274; x_wconf 83' lang='lat' dir='ltr'><strong><em>V</em></strong></span> <span class='ocrx_word' id='word_1_5' title='bbox 1487 219 1567 272; x_wconf 87' lang='lat' dir='ltr'><strong>IN</strong></span> <span class='ocrx_word' id='word_1_6' title='bbox 1601 218 1772 273; x_wconf 84' lang='lat' dir='ltr'><strong>HOR.</strong></span> 
     </span>
    </p>
   </div>
   <div class='ocr_carea' id='block_1_2' title="bbox 584 379 2453 469">
    <p class='ocr_par' dir='ltr' id='par_1_2' title="bbox 584 379 2453 469">
     <span class='ocr_line' id='line_1_2' title="bbox 584 379 2453 469; baseline -0.003 -20"><span class='ocrx_word' id='word_1_7' title='bbox 584 383 700 451; x_wconf 82' lang='grc'><strong>87.</strong></span> <span class='ocrx_word' id='word_1_8' title='bbox 750 388 899 464; x_wconf 72' lang='lat' dir='ltr'><strong>§Ad</strong></span> <span class='ocrx_word' id='word_1_9' title='bbox 936 390 1047 449; x_wconf 84' lang='lat' dir='ltr'><strong>hoo</strong></span> <span class='ocrx_word' id='word_1_10' title='bbox 1086 408 1246 448; x_wconf 88' lang='lat' dir='ltr'><strong>nune</strong></span> <span class='ocrx_word' id='word_1_11' title='bbox 1273 379 1392 469; x_wconf 81' lang='lat' dir='ltr'><strong>(c)]</strong></span> <span class='ocrx_word' id='word_1_12' title='bbox 1465 387 1591 446; x_wconf 86' lang='lat' dir='ltr'><strong>Alii</strong></span> <span class='ocrx_word' id='word_1_13' title='bbox 1631 383 1732 446; x_wconf 77' lang='lat' dir='ltr'><strong>‘ad</strong></span> <span class='ocrx_word' id='word_1_14' title='bbox 1769 380 1938 446; x_wconf 79' lang='lat' dir='ltr'><strong>haeo&#39;</strong></span> <span class='ocrx_word' id='word_1_15' title='bbox 1974 386 2205 464; x_wconf 86' lang='lat' dir='ltr'><strong>legunt,</strong></span> <span class='ocrx_word' id='word_1_16' title='bbox 2251 387 2322 443; x_wconf 91' lang='lat' dir='ltr'><strong>ut</strong></span> <span class='ocrx_word' id='word_1_17' title='bbox 2361 386 2453 444; x_wconf 89' lang='lat' dir='ltr'><strong>sit</strong></span> 
     </span>
    </p>
   </div>
   <div class='ocr_carea' id='block_1_3' title="bbox 268 466 2449 556">
    <p class='ocr_par' dir='ltr' id='par_1_3' title="bbox 268 466 2449 556">
     <span class='ocr_line' id='line_1_3' title="bbox 268 466 2449 556; baseline -0.005 -15"><span class='ocrx_word' id='word_1_18' title='bbox 268 476 275 480; x_wconf 45' lang='lat'><strong><em>⁴</em></strong></span> <span class='ocrx_word' id='word_1_19' title='bbox 404 480 481 540; x_wconf 77' lang='lat' dir='ltr'><strong>ad</strong></span> <span class='ocrx_word' id='word_1_20' title='bbox 525 480 690 553; x_wconf 80' lang='lat' dir='ltr'><strong>haec,</strong></span> <span class='ocrx_word' id='word_1_21' title='bbox 736 498 891 556; x_wconf 83' lang='lat' dir='ltr'><strong>quae</strong></span> <span class='ocrx_word' id='word_1_22' title='bbox 936 479 1267 555; x_wconf 79' lang='lat' dir='ltr'><strong>praestitit3</strong></span> <span class='ocrx_word' id='word_1_23' title='bbox 1316 478 1422 536; x_wconf 77' lang='lat' dir='ltr'><strong>alii</strong></span> <span class='ocrx_word' id='word_1_24' title='bbox 1461 473 1571 535; x_wconf 74' lang='lat' dir='ltr'><strong>‘ad</strong></span> <span class='ocrx_word' id='word_1_25' title='bbox 1616 471 1760 534; x_wconf 84' lang='lat' dir='ltr'><strong>hoo&#39;</strong></span> <span class='ocrx_word' id='word_1_26' title='bbox 1802 467 1974 555; x_wconf 79' lang='lat' dir='ltr'><strong>(num</strong></span> <span class='ocrx_word' id='word_1_27' title='bbox 2010 473 2111 549; x_wconf 72' lang='lat' dir='ltr'><strong>leq.</strong></span> <span class='ocrx_word' id='word_1_28' title='bbox 2153 476 2218 533; x_wconf 83' lang='lat' dir='ltr'><strong>at</strong></span> <span class='ocrx_word' id='word_1_29' title='bbox 2252 466 2449 554; x_wconf 79' lang='lat' dir='ltr'><strong>hoo‘?..)</strong></span> 
     </span>
    </p>
   </div>
   <div class='ocr_carea' id='block_1_4' title="bbox 243 3715 293 3761">
    <p class='ocr_par' dir='ltr' id='par_1_4' title="bbox 243 3715 293 3761">
     <span class='ocr_line' id='line_1_4' title="bbox 243 3715 293 3761; baseline 0 0"><span class='ocrx_word' id='word_1_30' title='bbox 243 3715 293 3761; x_wconf 62' lang='lat' dir='ltr'><strong>‘n</strong></span> 
     </span>
    </p>
   </div>
   <div class='ocr_carea' id='block_1_5' title="bbox 308 561 2465 1376">
    <p class='ocr_par' dir='ltr' id='par_1_5' title="bbox 308 561 2465 1376">
     <span class='ocr_line' id='line_1_5' title="bbox 404 561 1491 648; baseline -0.004 -19"><span class='ocrx_word' id='word_1_31' title='bbox 404 569 633 629; x_wconf 81' lang='lat' dir='ltr'><strong>scilieet</strong></span> <span class='ocrx_word' id='word_1_32' title='bbox 677 567 840 644; x_wconf 90' lang='lat' dir='ltr'><strong>quod</strong></span> <span class='ocrx_word' id='word_1_33' title='bbox 882 568 1190 642; x_wconf 80' lang='lat' dir='ltr'><strong>praestitit</strong></span> <span class='ocrx_word' id='word_1_34' title='bbox 1237 561 1345 648; x_wconf 79' lang='lat' dir='ltr'><strong>(P&#39;</strong></span> <span class='ocrx_word' id='word_1_35' title='bbox 1367 566 1491 638; x_wconf 60' lang='lat' dir='ltr'><em>ch</em></span> 
     </span>
     <span class='ocr_line' id='line_1_6' title="bbox 590 665 2458 755; baseline -0.003 -20"><span class='ocrx_word' id='word_1_36' title='bbox 590 668 706 735; x_wconf 91' lang='grc'><strong>89.</strong></span> <span class='ocrx_word' id='word_1_37' title='bbox 773 672 938 750; x_wconf 72' lang='lat' dir='ltr'><strong>§Nil</strong></span> <span class='ocrx_word' id='word_1_38' title='bbox 981 693 1075 732; x_wconf 91' lang='lat' dir='ltr'><strong>me</strong></span> <span class='ocrx_word' id='word_1_39' title='bbox 1121 695 1180 750; x_wconf 89' lang='lat' dir='ltr'><strong>p.</strong></span> <span class='ocrx_word' id='word_1_40' title='bbox 1228 665 1354 755; x_wconf 84' lang='grc' dir='ltr'>(ν)]</span> <span class='ocrx_word' id='word_1_41' title='bbox 1444 672 1609 731; x_wconf 92' lang='lat' dir='ltr'><strong>Idest</strong></span> <span class='ocrx_word' id='word_1_42' title='bbox 1652 690 1773 732; x_wconf 92' lang='lat' dir='ltr'><strong>non</strong></span> <span class='ocrx_word' id='word_1_43' title='bbox 1816 690 1913 730; x_wconf 93' lang='lat' dir='ltr'><strong>me</strong></span> <span class='ocrx_word' id='word_1_44' title='bbox 1956 672 2251 748; x_wconf 86' lang='lat' dir='ltr'><strong>poenitet,</strong></span> <span class='ocrx_word' id='word_1_45' title='bbox 2299 672 2458 747; x_wconf 80' lang='lat' dir='ltr'><strong>quia</strong></span> 
     </span>
     <span class='ocr_line' id='line_1_7' title="bbox 338 760 2460 841; baseline -0.002 -18"><span class='ocrx_word' id='word_1_46' title='bbox 338 775 369 823; x_wconf 87' lang='lat'>5</span> <span class='ocrx_word' id='word_1_47' title='bbox 409 768 642 841; x_wconf 80' lang='lat' dir='ltr'><strong>patrem</strong></span> <span class='ocrx_word' id='word_1_48' title='bbox 688 763 877 821; x_wconf 83' lang='lat' dir='ltr'><strong>habui</strong></span> <span class='ocrx_word' id='word_1_49' title='bbox 921 765 1259 839; x_wconf 81' lang='lat' dir='ltr'><strong>operarium</strong></span> <span class='ocrx_word' id='word_1_50' title='bbox 1306 763 1368 820; x_wconf 87' lang='lat' dir='ltr'><strong>et</strong></span> <span class='ocrx_word' id='word_1_51' title='bbox 1411 761 1715 835; x_wconf 78' lang='lat' dir='ltr'><strong>libertum,</strong></span> <span class='ocrx_word' id='word_1_52' title='bbox 1763 762 1906 836; x_wconf 77' lang='lat' dir='ltr'><strong>quia</strong></span> <span class='ocrx_word' id='word_1_53' title='bbox 1950 761 2049 818; x_wconf 89' lang='lat' dir='ltr'><strong>uir</strong></span> <span class='ocrx_word' id='word_1_54' title='bbox 2092 760 2285 821; x_wconf 88' lang='lat' dir='ltr'><strong>bonus</strong></span> <span class='ocrx_word' id='word_1_55' title='bbox 2326 760 2460 818; x_wconf 90' lang='lat' dir='ltr'><strong>fuit</strong></span> 
     </span>
     <span class='ocr_line' id='line_1_8' title="bbox 442 848 740 926; baseline -0.007 -14"><span class='ocrx_word' id='word_1_56' title='bbox 442 848 527 912; x_wconf 86' lang='grc' dir='ltr'><strong>Γ’</strong></span> <span class='ocrx_word' id='word_1_57' title='bbox 544 854 583 926; x_wconf 83' lang='lat' dir='ltr'><strong>f</strong></span> <span class='ocrx_word' id='word_1_58' title='bbox 599 852 740 923; x_wconf 61' lang='lat' dir='ltr'><strong>ch&#39;</strong></span> 
     </span>
     <span class='ocr_line' id='line_1_9' title="bbox 412 850 2461 1021; baseline 0 -23"><span class='ocrx_word' id='word_1_59' title='bbox 412 850 439 934; x_wconf 63' lang='lat'>&lt;</span> <span class='ocrx_word' id='word_1_60' title='bbox 591 939 629 1016; x_wconf 65' lang='grc' dir='ltr'>ξ</span> <span class='ocrx_word' id='word_1_61' title='bbox 645 940 749 998; x_wconf 88' lang='lat' dir='ltr'><strong>Nil</strong></span> <span class='ocrx_word' id='word_1_62' title='bbox 794 957 889 998; x_wconf 92' lang='lat' dir='ltr'><strong>me</strong></span> <span class='ocrx_word' id='word_1_63' title='bbox 935 960 992 1016; x_wconf 87' lang='lat' dir='ltr'><strong>p.</strong></span> <span class='ocrx_word' id='word_1_64' title='bbox 1032 931 1148 1021; x_wconf 82' lang='lat' dir='ltr'>(c)]</span> <span class='ocrx_word' id='word_1_65' title='bbox 1222 940 1360 999; x_wconf 88' lang='lat' dir='ltr'><strong>Non</strong></span> <span class='ocrx_word' id='word_1_66' title='bbox 1404 959 1499 998; x_wconf 94' lang='lat' dir='ltr'><strong>me</strong></span> <span class='ocrx_word' id='word_1_67' title='bbox 1544 940 1813 1016; x_wconf 88' lang='lat' dir='ltr'><strong>poenitet</strong></span> <span class='ocrx_word' id='word_1_68' title='bbox 1856 937 2198 998; x_wconf 87' lang='lat' dir='ltr'><strong>huiusmodi</strong></span> <span class='ocrx_word' id='word_1_69' title='bbox 2234 940 2461 1014; x_wconf 82' lang='lat' dir='ltr'><strong>patris,</strong></span> 
     </span>
     <span class='ocr_line' id='line_1_10' title="bbox 412 1027 2460 1103; baseline -0.002 -13"><span class='ocrx_word' id='word_1_70' title='bbox 412 1033 474 1090; x_wconf 87' lang='lat' dir='ltr'><strong>et</strong></span> <span class='ocrx_word' id='word_1_71' title='bbox 527 1029 662 1089; x_wconf 90' lang='lat' dir='ltr'><strong>ideo</strong></span> <span class='ocrx_word' id='word_1_72' title='bbox 717 1048 834 1087; x_wconf 91' lang='lat' dir='ltr'><strong>non</strong></span> <span class='ocrx_word' id='word_1_73' title='bbox 888 1047 983 1088; x_wconf 92' lang='lat' dir='ltr'><strong>me</strong></span> <span class='ocrx_word' id='word_1_74' title='bbox 1028 1028 1343 1088; x_wconf 81' lang='lat' dir='ltr'><strong>defendam</strong></span> <span class='ocrx_word' id='word_1_75' title='bbox 1390 1046 1459 1088; x_wconf 94' lang='lat' dir='ltr'><strong>eo</strong></span> <span class='ocrx_word' id='word_1_76' title='bbox 1503 1027 1705 1102; x_wconf 89' lang='lat' dir='ltr'><strong>modo,</strong></span> <span class='ocrx_word' id='word_1_77' title='bbox 1773 1044 1893 1103; x_wconf 92' lang='lat' dir='ltr'><strong>quo</strong></span> <span class='ocrx_word' id='word_1_78' title='bbox 1939 1027 2133 1086; x_wconf 90' lang='lat' dir='ltr'><strong>solent</strong></span> <span class='ocrx_word' id='word_1_79' title='bbox 2177 1027 2460 1086; x_wconf 88' lang='lat' dir='ltr'><strong>homines</strong></span> 
     </span>
     <span class='ocr_line' id='line_1_11' title="bbox 413 1116 2462 1195; baseline -0.002 -16"><span class='ocrx_word' id='word_1_80' title='bbox 413 1137 539 1180; x_wconf 89' lang='lat' dir='ltr'><strong>sese</strong></span> <span class='ocrx_word' id='word_1_81' title='bbox 586 1117 912 1192; x_wconf 82' lang='lat' dir='ltr'><strong>defendere,</strong></span> <span class='ocrx_word' id='word_1_82' title='bbox 958 1118 1176 1194; x_wconf 87' lang='lat' dir='ltr'><strong>quibus</strong></span> <span class='ocrx_word' id='word_1_83' title='bbox 1225 1117 1485 1176; x_wconf 79' lang='lat' dir='ltr'><strong>obicitur</strong></span> <span class='ocrx_word' id='word_1_84' title='bbox 1527 1117 1895 1195; x_wconf 78' lang='lat' dir='ltr'><strong>ignobilitas,</strong></span> <span class='ocrx_word' id='word_1_85' title='bbox 1939 1118 2050 1192; x_wconf 89' lang='lat' dir='ltr'><strong>qui</strong></span> <span class='ocrx_word' id='word_1_86' title='bbox 2084 1116 2293 1174; x_wconf 81' lang='lat' dir='ltr'><strong>dieunt</strong></span> <span class='ocrx_word' id='word_1_87' title='bbox 2331 1136 2462 1174; x_wconf 94' lang='lat' dir='ltr'><strong>non</strong></span> 
     </span>
     <span class='ocr_line' id='line_1_12' title="bbox 308 1203 2465 1282; baseline -0.002 -15"><span class='ocrx_word' id='word_1_88' title='bbox 308 1217 375 1267; x_wconf 90' lang='grc'><strong>10</strong></span> <span class='ocrx_word' id='word_1_89' title='bbox 414 1207 549 1267; x_wconf 93' lang='lat' dir='ltr'><strong>dolo</strong></span> <span class='ocrx_word' id='word_1_90' title='bbox 605 1225 712 1268; x_wconf 89' lang='lat' dir='ltr'><strong>suo</strong></span> <span class='ocrx_word' id='word_1_91' title='bbox 768 1226 957 1282; x_wconf 87' lang='lat' dir='ltr'><strong>neque</strong></span> <span class='ocrx_word' id='word_1_92' title='bbox 1012 1207 1325 1266; x_wconf 82' lang='lat' dir='ltr'><strong>uoluntate</strong></span> <span class='ocrx_word' id='word_1_93' title='bbox 1382 1206 1609 1264; x_wconf 85' lang='lat' dir='ltr'><strong>factum</strong></span> <span class='ocrx_word' id='word_1_94' title='bbox 1655 1223 1807 1280; x_wconf 89' lang='lat' dir='ltr'><strong>esse,</strong></span> <span class='ocrx_word' id='word_1_95' title='bbox 1839 1203 1943 1264; x_wconf 80' lang='lat' dir='ltr'><strong>&#39;ut</strong></span> <span class='ocrx_word' id='word_1_96' title='bbox 1988 1205 2061 1266; x_wconf 82' lang='lat' dir='ltr'><strong>ab</strong></span> <span class='ocrx_word' id='word_1_97' title='bbox 2108 1205 2465 1264; x_wconf 75' lang='lat' dir='ltr'><strong>istiusmodi</strong></span> 
     </span>
     <span class='ocr_line' id='line_1_13' title="bbox 413 1288 1524 1376; baseline -0.001 -21"><span class='ocrx_word' id='word_1_98' title='bbox 413 1295 760 1373; x_wconf 84' lang='lat' dir='ltr'><strong>parentibus</strong></span> <span class='ocrx_word' id='word_1_99' title='bbox 804 1299 1189 1355; x_wconf 74' lang='lat' dir='ltr'><strong>nascerentur</strong></span> <span class='ocrx_word' id='word_1_100' title='bbox 1236 1288 1388 1376; x_wconf 82' lang='lat' dir='ltr'><strong>(P&#39;f</strong></span> <span class='ocrx_word' id='word_1_101' title='bbox 1402 1295 1524 1366; x_wconf 62' lang='lat' dir='ltr'><strong>ch&#39;</strong></span> 
     </span>
    </p>
   </div>
   <div class='ocr_carea' id='block_1_6' title="bbox 309 1392 2462 1748">
    <p class='ocr_par' dir='ltr' id='par_1_6' title="bbox 413 1392 2462 1657">
     <span class='ocr_line' id='line_1_14' title="bbox 591 1392 2460 1482; baseline -0.001 -22"><span class='ocrx_word' id='word_1_102' title='bbox 591 1394 711 1462; x_wconf 82' lang='grc'><strong>93.</strong></span> <span class='ocrx_word' id='word_1_103' title='bbox 795 1399 1010 1477; x_wconf 71' lang='lat' dir='ltr'><strong>§Nam</strong></span> <span class='ocrx_word' id='word_1_104' title='bbox 1067 1405 1120 1461; x_wconf 92' lang='lat' dir='ltr'><strong>si</strong></span> <span class='ocrx_word' id='word_1_105' title='bbox 1164 1422 1221 1459; x_wconf 90' lang='lat' dir='ltr'><strong>n.</strong></span> <span class='ocrx_word' id='word_1_106' title='bbox 1270 1392 1435 1482; x_wconf 77' lang='lat' dir='ltr'>(vc)]</span> <span class='ocrx_word' id='word_1_107' title='bbox 1527 1399 1753 1469; x_wconf 81' lang='lat' dir='ltr'><strong>Quodsi</strong></span> <span class='ocrx_word' id='word_1_108' title='bbox 1807 1404 2024 1459; x_wconf 82' lang='lat' dir='ltr'><strong>natura</strong></span> <span class='ocrx_word' id='word_1_109' title='bbox 2070 1400 2293 1459; x_wconf 79' lang='lat' dir='ltr'><strong>faceret</strong></span> <span class='ocrx_word' id='word_1_110' title='bbox 2343 1401 2460 1458; x_wconf 79' lang='lat' dir='ltr'><strong>ali-</strong></span> 
     </span>
     <span class='ocr_line' id='line_1_15' title="bbox 414 1491 2462 1568; baseline -0.001 -19"><span class='ocrx_word' id='word_1_111' title='bbox 414 1511 590 1568; x_wconf 88' lang='lat' dir='ltr'><strong>quem</strong></span> <span class='ocrx_word' id='word_1_112' title='bbox 638 1510 675 1549; x_wconf 80' lang='lat' dir='ltr'><strong>a.</strong></span> <span class='ocrx_word' id='word_1_113' title='bbox 720 1494 881 1550; x_wconf 84' lang='lat' dir='ltr'><strong>oerto</strong></span> <span class='ocrx_word' id='word_1_114' title='bbox 947 1508 1101 1550; x_wconf 79' lang='lat' dir='ltr'><strong>anno</strong></span> <span class='ocrx_word' id='word_1_115' title='bbox 1166 1492 1432 1565; x_wconf 91' lang='lat' dir='ltr'><strong>repetere</strong></span> <span class='ocrx_word' id='word_1_116' title='bbox 1495 1491 1691 1549; x_wconf 84' lang='lat' dir='ltr'><strong>uitam</strong></span> <span class='ocrx_word' id='word_1_117' title='bbox 1755 1508 1927 1548; x_wconf 79' lang='lat' dir='ltr'><strong>suam</strong></span> <span class='ocrx_word' id='word_1_118' title='bbox 1986 1492 2124 1566; x_wconf 89' lang='lat' dir='ltr'><strong>post</strong></span> <span class='ocrx_word' id='word_1_119' title='bbox 2177 1492 2462 1565; x_wconf 85' lang='lat' dir='ltr'><strong>mortem,</strong></span> 
     </span>
     <span class='ocr_line' id='line_1_16' title="bbox 413 1578 2461 1657; baseline -0.001 -18"><span class='ocrx_word' id='word_1_120' title='bbox 413 1583 474 1639; x_wconf 89' lang='lat' dir='ltr'><strong>et</strong></span> <span class='ocrx_word' id='word_1_121' title='bbox 510 1579 679 1639; x_wconf 88' lang='lat' dir='ltr'><strong>fieret</strong></span> <span class='ocrx_word' id='word_1_122' title='bbox 713 1579 809 1637; x_wconf 87' lang='lat' dir='ltr'><strong>illi</strong></span> <span class='ocrx_word' id='word_1_123' title='bbox 843 1582 1110 1656; x_wconf 84' lang='lat' dir='ltr'><strong>potestas</strong></span> <span class='ocrx_word' id='word_1_124' title='bbox 1149 1579 1410 1657; x_wconf 80' lang='lat' dir='ltr'><strong>eligendi</strong></span> <span class='ocrx_word' id='word_1_125' title='bbox 1446 1599 1483 1638; x_wconf 80' lang='lat' dir='ltr'><strong>a.</strong></span> <span class='ocrx_word' id='word_1_126' title='bbox 1519 1579 1680 1653; x_wconf 84' lang='lat' dir='ltr'><strong>fatis,</strong></span> <span class='ocrx_word' id='word_1_127' title='bbox 1725 1596 1874 1655; x_wconf 92' lang='lat' dir='ltr'><strong>quos</strong></span> <span class='ocrx_word' id='word_1_128' title='bbox 1912 1578 2116 1652; x_wconf 88' lang='lat' dir='ltr'><strong>uellet,</strong></span> <span class='ocrx_word' id='word_1_129' title='bbox 2152 1581 2461 1654; x_wconf 78' lang='lat' dir='ltr'><strong>parenteS‚</strong></span> 
     </span>
    </p>

    <p class='ocr_par' dir='ltr' id='par_1_7' title="bbox 309 1659 1880 1748">
     <span class='ocr_line' id='line_1_17' title="bbox 309 1659 1880 1748; baseline -0.001 -21"><span class='ocrx_word' id='word_1_130' title='bbox 309 1680 375 1728; x_wconf 84' lang='lat'><strong>15</strong></span> <span class='ocrx_word' id='word_1_131' title='bbox 414 1672 724 1729; x_wconf 80' lang='lat' dir='ltr'><strong>contentus</strong></span> <span class='ocrx_word' id='word_1_132' title='bbox 771 1686 957 1728; x_wconf 89' lang='lat' dir='ltr'><strong>essem</strong></span> <span class='ocrx_word' id='word_1_133' title='bbox 1002 1668 1350 1745; x_wconf 85' lang='lat' dir='ltr'><strong>parentibus</strong></span> <span class='ocrx_word' id='word_1_134' title='bbox 1397 1669 1543 1726; x_wconf 88' lang='lat' dir='ltr'><strong>meis</strong></span> <span class='ocrx_word' id='word_1_135' title='bbox 1590 1659 1696 1748; x_wconf 79' lang='grc' dir='ltr'><strong>(Γ</strong></span> <span class='ocrx_word' id='word_1_136' title='bbox 1706 1667 1744 1740; x_wconf 82' lang='lat' dir='ltr'><strong>f</strong></span> <span class='ocrx_word' id='word_1_137' title='bbox 1756 1667 1880 1739; x_wconf 61' lang='lat' dir='ltr'><em>ch</em></span> 
     </span>
    </p>
   </div>
   <div class='ocr_carea' id='block_1_7' title="bbox 310 1765 2474 3206">
    <p class='ocr_par' dir='ltr' id='par_1_8' title="bbox 413 1765 2458 2034">
     <span class='ocr_line' id='line_1_18' title="bbox 592 1765 2453 1855; baseline -0.001 -23"><span class='ocrx_word' id='word_1_138' title='bbox 592 1767 710 1835; x_wconf 82' lang='grc'><strong>95.</strong></span> <span class='ocrx_word' id='word_1_139' title='bbox 794 1772 832 1850; x_wconf 67' lang='grc' dir='ltr'>ξ</span> <span class='ocrx_word' id='word_1_140' title='bbox 852 1775 949 1833; x_wconf 90' lang='lat' dir='ltr'><strong>Ad</strong></span> <span class='ocrx_word' id='word_1_141' title='bbox 994 1777 1218 1834; x_wconf 82' lang='lat' dir='ltr'><strong>fastum</strong></span> <span class='ocrx_word' id='word_1_142' title='bbox 1264 1765 1469 1855; x_wconf 78' lang='grc' dir='ltr'>(νοζ)]</span> <span class='ocrx_word' id='word_1_143' title='bbox 1560 1774 1656 1832; x_wconf 89' lang='lat' dir='ltr'><strong>Ad</strong></span> <span class='ocrx_word' id='word_1_144' title='bbox 1702 1774 2061 1849; x_wconf 80' lang='lat' dir='ltr'><strong>superbiam,</strong></span> <span class='ocrx_word' id='word_1_145' title='bbox 2108 1772 2186 1831; x_wconf 82' lang='lat' dir='ltr'><strong>ad</strong></span> <span class='ocrx_word' id='word_1_146' title='bbox 2229 1773 2453 1832; x_wconf 88' lang='lat' dir='ltr'><strong>nobili-</strong></span> 
     </span>
     <span class='ocr_line' id='line_1_19' title="bbox 413 1860 2458 2034; baseline -0.002 -110"><span class='ocrx_word' id='word_1_147' title='bbox 413 1866 618 2034; x_wconf 62' lang='grc' dir='ltr'><strong>ίέαὺθῑῑι,</strong></span> <span class='ocrx_word' id='word_1_148' title='bbox 666 1882 743 1923; x_wconf 81' lang='lat' dir='ltr'><strong>an</strong></span> <span class='ocrx_word' id='word_1_149' title='bbox 790 1863 866 1923; x_wconf 85' lang='lat' dir='ltr'><strong>ad</strong></span> <span class='ocrx_word' id='word_1_150' title='bbox 910 1863 1168 1942; x_wconf 88' lang='lat' dir='ltr'><strong>eligendi</strong></span> <span class='ocrx_word' id='word_1_151' title='bbox 1214 1862 1546 1938; x_wconf 74' lang='lat' dir='ltr'><strong>fastidium,</strong></span> <span class='ocrx_word' id='word_1_152' title='bbox 1594 1863 1752 1940; x_wconf 91' lang='lat' dir='ltr'><strong>quod</strong></span> <span class='ocrx_word' id='word_1_153' title='bbox 1799 1882 1869 1921; x_wconf 87' lang='lat' dir='ltr'><strong>ex</strong></span> <span class='ocrx_word' id='word_1_154' title='bbox 1915 1863 2087 1941; x_wconf 81' lang='lat' dir='ltr'><strong>eopia</strong></span> <span class='ocrx_word' id='word_1_155' title='bbox 2132 1860 2458 1921; x_wconf 79' lang='lat' dir='ltr'><strong>nascitur?</strong></span> 
     </span>
     <span class='ocr_line' id='line_1_20' title="bbox 448 1948 723 2028; baseline 0 -16"><span class='ocrx_word' id='word_1_156' title='bbox 448 1948 529 2012; x_wconf 86' lang='grc' dir='ltr'><strong>Γ’</strong></span> <span class='ocrx_word' id='word_1_157' title='bbox 538 1955 577 2028; x_wconf 84' lang='lat' dir='ltr'><strong>f</strong></span> <span class='ocrx_word' id='word_1_158' title='bbox 589 1954 680 2013; x_wconf 80' lang='lat' dir='ltr'><strong>Vc</strong></span> <span class='ocrx_word' id='word_1_159' title='bbox 689 1953 723 2026; x_wconf 80' lang='grc' dir='ltr'><strong><em>ζ</em></strong></span> 
     </span>
    </p>

    <p class='ocr_par' dir='ltr' id='par_1_9' title="bbox 592 2034 1939 2123">
     <span class='ocr_line' id='line_1_21' title="bbox 592 2034 1939 2123; baseline -0.001 -21"><span class='ocrx_word' id='word_1_160' title='bbox 592 2036 1031 2121; x_wconf 79' lang='lat' dir='ltr'><strong>*&lt;Pa.rentes&gt;]</strong></span> <span class='ocrx_word' id='word_1_161' title='bbox 1114 2037 1502 2101; x_wconf 78' lang='lat' dir='ltr'><strong>‘Parentum’</strong></span> <span class='ocrx_word' id='word_1_162' title='bbox 1552 2043 1800 2103; x_wconf 85' lang='lat' dir='ltr'><strong>inuenio</strong></span> <span class='ocrx_word' id='word_1_163' title='bbox 1852 2034 1939 2123; x_wconf 85' lang='grc' dir='ltr'><strong>(Γ</strong></span> 
     </span>
    </p>

    <p class='ocr_par' dir='ltr' id='par_1_10' title="bbox 310 2140 2460 2319">
     <span class='ocr_line' id='line_1_22' title="bbox 310 2140 2460 2229; baseline -0 -21"><span class='ocrx_word' id='word_1_164' title='bbox 310 2160 379 2208; x_wconf 84' lang='lat'><strong>20</strong></span> <span class='ocrx_word' id='word_1_165' title='bbox 598 2142 715 2209; x_wconf 94' lang='grc'><strong>98.</strong></span> <span class='ocrx_word' id='word_1_166' title='bbox 798 2148 1069 2208; x_wconf 79' lang='lat' dir='ltr'><strong>*Iudicio</strong></span> <span class='ocrx_word' id='word_1_167' title='bbox 1124 2151 1230 2207; x_wconf 86' lang='lat' dir='ltr'><strong>tuo</strong></span> <span class='ocrx_word' id='word_1_168' title='bbox 1277 2140 1403 2229; x_wconf 85' lang='grc' dir='ltr'>(ν)]</span> <span class='ocrx_word' id='word_1_169' title='bbox 1493 2148 1644 2207; x_wconf 87' lang='lat' dir='ltr'><strong>Mire</strong></span> <span class='ocrx_word' id='word_1_170' title='bbox 1697 2148 1838 2222; x_wconf 84' lang='lat' dir='ltr'><strong>hoo,</strong></span> <span class='ocrx_word' id='word_1_171' title='bbox 1895 2149 2039 2224; x_wconf 82' lang='lat' dir='ltr'><strong>quia</strong></span> <span class='ocrx_word' id='word_1_172' title='bbox 2093 2149 2220 2223; x_wconf 91' lang='lat' dir='ltr'><strong>ipse</strong></span> <span class='ocrx_word' id='word_1_173' title='bbox 2268 2167 2460 2225; x_wconf 90' lang='lat' dir='ltr'><strong>eques</strong></span> 
     </span>
     <span class='ocr_line' id='line_1_23' title="bbox 416 2230 2015 2319; baseline -0.003 -21"><span class='ocrx_word' id='word_1_174' title='bbox 416 2237 763 2316; x_wconf 80' lang='lat' dir='ltr'><strong>permansit,</strong></span> <span class='ocrx_word' id='word_1_175' title='bbox 809 2240 1149 2313; x_wconf 83' lang='lat' dir='ltr'><strong>contempto</strong></span> <span class='ocrx_word' id='word_1_176' title='bbox 1197 2238 1495 2297; x_wconf 82' lang='lat' dir='ltr'><strong>senatorio</strong></span> <span class='ocrx_word' id='word_1_177' title='bbox 1541 2236 1745 2296; x_wconf 91' lang='lat' dir='ltr'><strong>ordine</strong></span> <span class='ocrx_word' id='word_1_178' title='bbox 1792 2230 1898 2319; x_wconf 82' lang='lat' dir='ltr'><strong>(P&#39;</strong></span> <span class='ocrx_word' id='word_1_179' title='bbox 1905 2239 1944 2311; x_wconf 84' lang='lat' dir='ltr'><strong>f</strong></span> <span class='ocrx_word' id='word_1_180' title='bbox 1942 2237 2015 2308; x_wconf 79' lang='grc' dir='ltr'><strong>οζ</strong></span> 
     </span>
    </p>

    <p class='ocr_par' dir='ltr' id='par_1_11' title="bbox 421 2318 2462 2494">
     <span class='ocr_line' id='line_1_24' title="bbox 597 2318 2462 2408; baseline 0 -24"><span class='ocrx_word' id='word_1_181' title='bbox 597 2320 715 2386; x_wconf 98' lang='grc'><strong>99.</strong></span> <span class='ocrx_word' id='word_1_182' title='bbox 788 2326 1105 2385; x_wconf 78' lang='lat' dir='ltr'><strong>Molestum</strong></span> <span class='ocrx_word' id='word_1_183' title='bbox 1152 2318 1277 2408; x_wconf 85' lang='grc' dir='ltr'>(ν)]</span> <span class='ocrx_word' id='word_1_184' title='bbox 1362 2325 1519 2396; x_wconf 79' lang='lat' dir='ltr'><strong>Quia.</strong></span> <span class='ocrx_word' id='word_1_185' title='bbox 1571 2344 1784 2385; x_wconf 83' lang='lat' dir='ltr'><strong>reuera</strong></span> <span class='ocrx_word' id='word_1_186' title='bbox 1828 2326 2168 2385; x_wconf 81' lang='lat' dir='ltr'><strong>molestiam</strong></span> <span class='ocrx_word' id='word_1_187' title='bbox 2212 2325 2462 2401; x_wconf 81' lang='lat' dir='ltr'><strong>habent,</strong></span> 
     </span>
     <span class='ocr_line' id='line_1_25' title="bbox 421 2406 1598 2494; baseline 0 -20"><span class='ocrx_word' id='word_1_188' title='bbox 421 2416 527 2491; x_wconf 90' lang='lat' dir='ltr'><strong>qui</strong></span> <span class='ocrx_word' id='word_1_189' title='bbox 575 2436 612 2475; x_wconf 78' lang='lat' dir='ltr'><strong>a.</strong></span> <span class='ocrx_word' id='word_1_190' title='bbox 656 2415 954 2475; x_wconf 85' lang='lat' dir='ltr'><strong>nobilibus</strong></span> <span class='ocrx_word' id='word_1_191' title='bbox 1000 2417 1330 2474; x_wconf 79' lang='lat' dir='ltr'><strong>nascuntur</strong></span> <span class='ocrx_word' id='word_1_192' title='bbox 1375 2406 1529 2494; x_wconf 82' lang='lat' dir='ltr'><strong>(P&#39;f</strong></span> <span class='ocrx_word' id='word_1_193' title='bbox 1541 2416 1598 2474; x_wconf 90' lang='lat' dir='ltr'><strong><em>V</em></strong></span> 
     </span>
    </p>

    <p class='ocr_par' dir='ltr' id='par_1_12' title="bbox 602 2494 2463 2584">
     <span class='ocr_line' id='line_1_26' title="bbox 602 2494 2463 2584; baseline 0.001 -23"><span class='ocrx_word' id='word_1_194' title='bbox 602 2496 766 2563; x_wconf 94' lang='grc'><strong>100.</strong></span> <span class='ocrx_word' id='word_1_195' title='bbox 848 2501 1099 2579; x_wconf 71' lang='lat' dir='ltr'><strong>§Maior</strong></span> <span class='ocrx_word' id='word_1_196' title='bbox 1161 2498 1565 2581; x_wconf 79' lang='lat' dir='ltr'><strong>qu&lt;a&gt;erend.</strong></span> <span class='ocrx_word' id='word_1_197' title='bbox 1633 2494 1756 2584; x_wconf 84' lang='lat' dir='ltr'><em>(v)]</em></span> <span class='ocrx_word' id='word_1_198' title='bbox 1857 2503 2019 2562; x_wconf 90' lang='lat' dir='ltr'><strong>Idest</strong></span> <span class='ocrx_word' id='word_1_199' title='bbox 2084 2505 2136 2562; x_wconf 88' lang='lat' dir='ltr'><strong>si</strong></span> <span class='ocrx_word' id='word_1_200' title='bbox 2201 2502 2463 2579; x_wconf 81' lang='lat' dir='ltr'><strong>adeptus</strong></span> 
     </span>
    </p>

    <p class='ocr_par' dir='ltr' id='par_1_13' title="bbox 314 2592 2474 2940">
     <span class='ocr_line' id='line_1_27' title="bbox 314 2592 2465 2670; baseline -0 -17"><span class='ocrx_word' id='word_1_201' title='bbox 314 2605 382 2653; x_wconf 85' lang='lat'><strong>25</strong></span> <span class='ocrx_word' id='word_1_202' title='bbox 420 2593 664 2653; x_wconf 78' lang='lat' dir='ltr'><strong>fuissem</strong></span> <span class='ocrx_word' id='word_1_203' title='bbox 709 2594 993 2652; x_wconf 86' lang='lat' dir='ltr'><strong>maiorem</strong></span> <span class='ocrx_word' id='word_1_204' title='bbox 1038 2592 1416 2670; x_wconf 83' lang='lat' dir='ltr'><strong>dignitatem,</strong></span> <span class='ocrx_word' id='word_1_205' title='bbox 1461 2593 1652 2651; x_wconf 84' lang='lat' dir='ltr'><strong>multa</strong></span> <span class='ocrx_word' id='word_1_206' title='bbox 1696 2592 1847 2651; x_wconf 86' lang='lat' dir='ltr'><strong>mihi</strong></span> <span class='ocrx_word' id='word_1_207' title='bbox 1888 2594 2085 2652; x_wconf 89' lang='lat' dir='ltr'><strong>essent</strong></span> <span class='ocrx_word' id='word_1_208' title='bbox 2120 2594 2465 2652; x_wconf 77' lang='lat' dir='ltr'><strong>necessaria</strong></span> 
     </span>
     <span class='ocr_line' id='line_1_28' title="bbox 461 2678 722 2755; baseline 0.004 -15"><span class='ocrx_word' id='word_1_209' title='bbox 461 2678 540 2740; x_wconf 87' lang='grc' dir='ltr'><strong>Γ’</strong></span> <span class='ocrx_word' id='word_1_210' title='bbox 549 2683 588 2755; x_wconf 83' lang='lat' dir='ltr'><strong>f</strong></span> <span class='ocrx_word' id='word_1_211' title='bbox 600 2683 679 2742; x_wconf 83' lang='lat' dir='ltr'><strong>Vc</strong></span> <span class='ocrx_word' id='word_1_212' title='bbox 688 2682 722 2754; x_wconf 81' lang='grc' dir='ltr'><strong><em>ζ</em></strong></span> 
     </span>
     <span class='ocr_line' id='line_1_29' title="bbox 429 2676 2468 2851; baseline 0 -23"><span class='ocrx_word' id='word_1_213' title='bbox 429 2676 458 2763; x_wconf 76' lang='lat'>(</span> <span class='ocrx_word' id='word_1_214' title='bbox 605 2761 769 2831; x_wconf 77' lang='lat'>104.</span> <span class='ocrx_word' id='word_1_215' title='bbox 818 2768 857 2846; x_wconf 67' lang='grc' dir='ltr'>ξ</span> <span class='ocrx_word' id='word_1_216' title='bbox 875 2769 1172 2830; x_wconf 76' lang='lat' dir='ltr'><strong>Petorrita</strong></span> <span class='ocrx_word' id='word_1_217' title='bbox 1209 2762 1274 2851; x_wconf 89' lang='grc' dir='ltr'><strong>(ν</strong></span> <span class='ocrx_word' id='word_1_218' title='bbox 1283 2760 1372 2850; x_wconf 73' lang='grc'><strong>0)]</strong></span> <span class='ocrx_word' id='word_1_219' title='bbox 1451 2768 1647 2829; x_wconf 82' lang='lat' dir='ltr'><strong>Genus</strong></span> <span class='ocrx_word' id='word_1_220' title='bbox 1694 2770 1963 2828; x_wconf 82' lang='lat' dir='ltr'><strong>uehiculi</strong></span> <span class='ocrx_word' id='word_1_221' title='bbox 2000 2761 2303 2850; x_wconf 76' lang='lat' dir='ltr'><strong>(Porph.);</strong></span> <span class='ocrx_word' id='word_1_222' title='bbox 2357 2771 2468 2829; x_wconf 78' lang='lat' dir='ltr'><strong>alii</strong></span> 
     </span>
     <span class='ocr_line' id='line_1_30' title="bbox 423 2849 2474 2940; baseline -0 -21"><span class='ocrx_word' id='word_1_223' title='bbox 423 2862 707 2937; x_wconf 82' lang='lat' dir='ltr'><strong>carpenta</strong></span> <span class='ocrx_word' id='word_1_224' title='bbox 752 2860 1128 2937; x_wconf 87' lang='lat' dir='ltr'><strong>intellegunt,</strong></span> <span class='ocrx_word' id='word_1_225' title='bbox 1174 2858 1449 2918; x_wconf 86' lang='lat' dir='ltr'><strong>nonnulli</strong></span> <span class='ocrx_word' id='word_1_226' title='bbox 1485 2851 1585 2940; x_wconf 82' lang='lat' dir='ltr'><strong>(cf.</strong></span> <span class='ocrx_word' id='word_1_227' title='bbox 1624 2849 1864 2939; x_wconf 78' lang='lat' dir='ltr'><strong>Porph.)</strong></span> <span class='ocrx_word' id='word_1_228' title='bbox 1903 2876 2176 2918; x_wconf 79' lang='lat' dir='ltr'><strong>carrucas</strong></span> <span class='ocrx_word' id='word_1_229' title='bbox 2217 2849 2328 2940; x_wconf 79' lang='lat' dir='ltr'><strong>(P‘</strong></span> <span class='ocrx_word' id='word_1_230' title='bbox 2342 2860 2474 2931; x_wconf 63' lang='lat' dir='ltr'><strong>ch·</strong></span> 
     </span>
    </p>

    <p class='ocr_par' dir='ltr' id='par_1_14' title="bbox 607 2939 2469 3029">
     <span class='ocr_line' id='line_1_31' title="bbox 607 2939 2469 3029; baseline 0.001 -22"><span class='ocrx_word' id='word_1_231' title='bbox 607 2941 769 3007; x_wconf 82' lang='grc'><strong>106.</strong></span> <span class='ocrx_word' id='word_1_232' title='bbox 829 2948 1136 3007; x_wconf 78' lang='lat' dir='ltr'><strong>*Mantioa</strong></span> <span class='ocrx_word' id='word_1_233' title='bbox 1182 2939 1307 3029; x_wconf 85' lang='grc' dir='ltr'>(ν)]</span> <span class='ocrx_word' id='word_1_234' title='bbox 1390 2948 1541 3007; x_wconf 80' lang='lat' dir='ltr'><strong>Pera</strong></span> <span class='ocrx_word' id='word_1_235' title='bbox 1589 2939 1750 3028; x_wconf 76' lang='lat' dir='ltr'><strong>(item</strong></span> <span class='ocrx_word' id='word_1_236' title='bbox 1794 2939 2035 3029; x_wconf 76' lang='lat' dir='ltr'><strong>Porph.)</strong></span> <span class='ocrx_word' id='word_1_237' title='bbox 2083 2948 2185 3006; x_wconf 90' lang='lat' dir='ltr'><strong>uel</strong></span> <span class='ocrx_word' id='word_1_238' title='bbox 2232 2951 2469 3023; x_wconf 58' lang='lat' dir='ltr'><strong>auertit,</strong></span> 
     </span>
    </p>

    <p class='ocr_par' dir='ltr' id='par_1_15' title="bbox 319 3035 2470 3206">
     <span class='ocr_line' id='line_1_32' title="bbox 319 3035 2470 3115; baseline -0 -18"><span class='ocrx_word' id='word_1_239' title='bbox 319 3049 388 3097; x_wconf 83' lang='lat'><strong>30</strong></span> <span class='ocrx_word' id='word_1_240' title='bbox 425 3037 526 3097; x_wconf 89' lang='lat' dir='ltr'><strong>sed</strong></span> <span class='ocrx_word' id='word_1_241' title='bbox 588 3038 780 3115; x_wconf 81' lang='lat' dir='ltr'><strong>magis</strong></span> <span class='ocrx_word' id='word_1_242' title='bbox 845 3056 994 3097; x_wconf 90' lang='lat' dir='ltr'><strong>onus</strong></span> <span class='ocrx_word' id='word_1_243' title='bbox 1057 3037 1543 3114; x_wconf 84' lang='lat' dir='ltr'><strong>intellegendum.</strong></span> <span class='ocrx_word' id='word_1_244' title='bbox 1652 3035 1781 3094; x_wconf 85' lang='lat' dir='ltr'><strong>Alii</strong></span> <span class='ocrx_word' id='word_1_245' title='bbox 1834 3036 2234 3095; x_wconf 85' lang='lat' dir='ltr'><strong>inuoluorum.</strong></span> <span class='ocrx_word' id='word_1_246' title='bbox 2349 3037 2470 3096; x_wconf 89' lang='lat' dir='ltr'><strong>Vel</strong></span> 
     </span>
     <span class='ocr_line' id='line_1_33' title="bbox 424 3117 1587 3206; baseline -0.003 -21"><span class='ocrx_word' id='word_1_247' title='bbox 424 3144 588 3204; x_wconf 86' lang='lat' dir='ltr'><strong>pera,</strong></span> <span class='ocrx_word' id='word_1_248' title='bbox 634 3145 818 3203; x_wconf 81' lang='lat' dir='ltr'><strong>quam</strong></span> <span class='ocrx_word' id='word_1_249' title='bbox 864 3125 1071 3185; x_wconf 83' lang='lat' dir='ltr'><strong>dieunt</strong></span> <span class='ocrx_word' id='word_1_250' title='bbox 1115 3125 1434 3184; x_wconf 83' lang='lat' dir='ltr'><strong>bistaoiam</strong></span> <span class='ocrx_word' id='word_1_251' title='bbox 1482 3117 1587 3206; x_wconf 82' lang='lat' dir='ltr'><strong>(P&#39;</strong></span> 
     </span>
    </p>
   </div>
   <div class='ocr_carea' id='block_1_8' title="bbox 428 3311 2473 3668">
    <p class='ocr_par' dir='ltr' id='par_1_16' title="bbox 428 3311 2473 3668">
     <span class='ocr_line' id='line_1_34' title="bbox 606 3311 2471 3383; baseline 0 -17"><span class='ocrx_word' id='word_1_252' title='bbox 606 3319 638 3366; x_wconf 83' lang='lat'><strong>3</strong></span> <span class='ocrx_word' id='word_1_253' title='bbox 685 3312 836 3382; x_wconf 87' lang='lat' dir='ltr'><strong>quod</strong></span> <span class='ocrx_word' id='word_1_254' title='bbox 874 3344 944 3352; x_wconf 93' lang='lat'><strong>—</strong></span> <span class='ocrx_word' id='word_1_255' title='bbox 980 3318 1013 3365; x_wconf 89' lang='lat'>4</span> <span class='ocrx_word' id='word_1_256' title='bbox 1050 3311 1331 3383; x_wconf 88' lang='lat' dir='ltr'><strong>poenitet]</strong></span> <span class='ocrx_word' id='word_1_257' title='bbox 1378 3327 1448 3365; x_wconf 90' lang='lat' dir='ltr'><strong>ne</strong></span> <span class='ocrx_word' id='word_1_258' title='bbox 1496 3327 1587 3365; x_wconf 91' lang='lat' dir='ltr'><strong>me</strong></span> <span class='ocrx_word' id='word_1_259' title='bbox 1634 3312 1926 3381; x_wconf 75' lang='lat' dir='ltr'><strong>poeniteat</strong></span> <span class='ocrx_word' id='word_1_260' title='bbox 1971 3316 2002 3377; x_wconf 81' lang='grc' dir='ltr'><strong><em>ζ</em></strong></span> <span class='ocrx_word' id='word_1_261' title='bbox 2050 3327 2122 3365; x_wconf 89' lang='lat' dir='ltr'><strong>ne</strong></span> <span class='ocrx_word' id='word_1_262' title='bbox 2167 3328 2259 3365; x_wconf 93' lang='lat' dir='ltr'><strong>me</strong></span> <span class='ocrx_word' id='word_1_263' title='bbox 2307 3313 2471 3382; x_wconf 89' lang='lat' dir='ltr'><strong>peni-</strong></span> 
     </span>
     <span class='ocr_line' id='line_1_35' title="bbox 428 3382 2401 3454; baseline -0.001 -16"><span class='ocrx_word' id='word_1_264' title='bbox 428 3386 574 3439; x_wconf 88' lang='lat' dir='ltr'><strong>teret</strong></span> <span class='ocrx_word' id='word_1_265' title='bbox 610 3400 639 3437; x_wconf 83' lang='lat' dir='ltr'><strong><em>c</em></strong></span> <span class='ocrx_word' id='word_1_266' title='bbox 852 3390 886 3437; x_wconf 82' lang='lat'>4</span> <span class='ocrx_word' id='word_1_267' title='bbox 923 3382 1072 3436; x_wconf 89' lang='lat' dir='ltr'><strong>idest</strong></span> <span class='ocrx_word' id='word_1_268' title='bbox 1108 3398 1207 3437; x_wconf 87' lang='lat' dir='ltr'><strong>om.</strong></span> <span class='ocrx_word' id='word_1_269' title='bbox 1238 3384 1275 3449; x_wconf 81' lang='lat' dir='ltr'><strong>f</strong></span> <span class='ocrx_word' id='word_1_270' title='bbox 1465 3383 1743 3452; x_wconf 85' lang='lat' dir='ltr'><strong>(poenitet</strong></span> <span class='ocrx_word' id='word_1_271' title='bbox 1777 3385 1829 3451; x_wconf 78' lang='lat' dir='ltr'><strong>y)</strong></span> <span class='ocrx_word' id='word_1_272' title='bbox 2030 3383 2190 3454; x_wconf 80' lang='lat' dir='ltr'><strong>quia]</strong></span> <span class='ocrx_word' id='word_1_273' title='bbox 2229 3384 2332 3451; x_wconf 88' lang='lat' dir='ltr'><strong>qui</strong></span> <span class='ocrx_word' id='word_1_274' title='bbox 2370 3388 2401 3449; x_wconf 81' lang='grc' dir='ltr'><strong><em>ζ</em></strong></span> 
     </span>
     <span class='ocr_line' id='line_1_36' title="bbox 431 3454 2473 3526; baseline 0 -17"><span class='ocrx_word' id='word_1_275' title='bbox 431 3462 462 3509; x_wconf 83' lang='grc'>5</span> <span class='ocrx_word' id='word_1_276' title='bbox 500 3455 790 3526; x_wconf 83' lang='lat' dir='ltr'><strong>libertum]</strong></span> <span class='ocrx_word' id='word_1_277' title='bbox 828 3454 1156 3508; x_wconf 87' lang='lat' dir='ltr'><strong>libertinum</strong></span> <span class='ocrx_word' id='word_1_278' title='bbox 1193 3457 1224 3518; x_wconf 78' lang='grc' dir='ltr'><strong><em>ζ</em></strong></span> <span class='ocrx_word' id='word_1_279' title='bbox 1410 3458 1439 3506; x_wconf 81' lang='grc'><strong>7</strong></span> <span class='ocrx_word' id='word_1_280' title='bbox 1475 3455 1754 3523; x_wconf 85' lang='lat' dir='ltr'><strong>&lt;poenitet</strong></span> <span class='ocrx_word' id='word_1_281' title='bbox 1790 3457 1842 3524; x_wconf 77' lang='lat' dir='ltr'><strong>y)</strong></span> <span class='ocrx_word' id='word_1_282' title='bbox 2036 3458 2100 3507; x_wconf 80' lang='lat'><strong>17</strong></span> <span class='ocrx_word' id='word_1_283' title='bbox 2139 3454 2214 3508; x_wconf 81' lang='lat' dir='ltr'><strong>ad</strong></span> <span class='ocrx_word' id='word_1_284' title='bbox 2252 3455 2473 3525; x_wconf 85' lang='lat' dir='ltr'><strong>eligen-</strong></span> 
     </span>
     <span class='ocr_line' id='line_1_37' title="bbox 431 3525 2473 3649; baseline 0.001 -71"><span class='ocrx_word' id='word_1_285' title='bbox 431 3526 567 3580; x_wconf 91' lang='lat' dir='ltr'><strong>dum</strong></span> <span class='ocrx_word' id='word_1_286' title='bbox 620 3530 690 3591; x_wconf 76' lang='grc' dir='ltr'><strong>οξ</strong></span> <span class='ocrx_word' id='word_1_287' title='bbox 865 3531 933 3579; x_wconf 78' lang='grc'><strong>20</strong></span> <span class='ocrx_word' id='word_1_288' title='bbox 988 3526 1119 3649; x_wconf 46' lang='lat' dir='ltr'><strong>hoe?</strong></span> <span class='ocrx_word' id='word_1_289' title='bbox 1174 3526 1282 3580; x_wconf 84' lang='lat' dir='ltr'><strong>hoc</strong></span> <span class='ocrx_word' id='word_1_290' title='bbox 1329 3525 1474 3579; x_wconf 83' lang='lat' dir='ltr'><strong>dixit</strong></span> <span class='ocrx_word' id='word_1_291' title='bbox 1517 3529 1587 3589; x_wconf 76' lang='grc' dir='ltr'><strong>οζ</strong></span> <span class='ocrx_word' id='word_1_292' title='bbox 1762 3540 1932 3594; x_wconf 86' lang='lat' dir='ltr'><strong>eques</strong></span> <span class='ocrx_word' id='word_1_293' title='bbox 1981 3527 2072 3592; x_wconf 80' lang='lat' dir='ltr'><strong>Pf</strong></span> <span class='ocrx_word' id='word_1_294' title='bbox 2084 3526 2138 3579; x_wconf 92' lang='lat' dir='ltr'><strong><em>V</em></strong></span> <span class='ocrx_word' id='word_1_295' title='bbox 2210 3541 2390 3595; x_wconf 84' lang='lat' dir='ltr'><strong>equos</strong></span> <span class='ocrx_word' id='word_1_296' title='bbox 2438 3548 2473 3580; x_wconf 82' lang='grc' dir='ltr'><em>ν</em></span> 
     </span>
     <span class='ocr_line' id='line_1_38' title="bbox 432 3596 2471 3668; baseline 0 -16"><span class='ocrx_word' id='word_1_297' title='bbox 432 3598 690 3666; x_wconf 82' lang='lat' dir='ltr'><strong>equester</strong></span> <span class='ocrx_word' id='word_1_298' title='bbox 715 3600 785 3661; x_wconf 78' lang='grc' dir='ltr'><strong>οζ</strong></span> <span class='ocrx_word' id='word_1_299' title='bbox 924 3601 992 3650; x_wconf 85' lang='grc'><strong>30</strong></span> <span class='ocrx_word' id='word_1_300' title='bbox 1018 3613 1090 3650; x_wconf 92' lang='lat' dir='ltr'><strong>ue</strong></span> <span class='ocrx_word' id='word_1_301' title='bbox 1142 3597 1199 3668; x_wconf 78' lang='lat' dir='ltr'><strong>v]</strong></span> <span class='ocrx_word' id='word_1_302' title='bbox 1228 3613 1330 3651; x_wconf 85' lang='lat' dir='ltr'><strong>om.</strong></span> <span class='ocrx_word' id='word_1_303' title='bbox 1363 3600 1415 3649; x_wconf 92' lang='grc' dir='ltr'><em>Γ</em></span> <span class='ocrx_word' id='word_1_304' title='bbox 1553 3602 1617 3650; x_wconf 85' lang='grc'><strong>31</strong></span> <span class='ocrx_word' id='word_1_305' title='bbox 1648 3596 1949 3651; x_wconf 77' lang='lat' dir='ltr'><strong>bistaciam</strong></span> <span class='ocrx_word' id='word_1_306' title='bbox 1975 3597 2030 3668; x_wconf 86' lang='lat' dir='ltr'><strong>r]</strong></span> <span class='ocrx_word' id='word_1_307' title='bbox 2058 3596 2148 3650; x_wconf 90' lang='lat' dir='ltr'><strong>bis</strong></span> <span class='ocrx_word' id='word_1_308' title='bbox 2178 3597 2362 3652; x_wconf 67' lang='lat' dir='ltr'><strong>atium</strong></span> <span class='ocrx_word' id='word_1_309' title='bbox 2380 3619 2471 3668; x_wconf 76' lang='grc' dir='ltr'><strong>-γν</strong></span> 
     </span>
    </p>
   </div>
  </div>
 </body>
</html>
