2602 4013
633 1099 788 1182 DE
835 1098 1138 1181 ARTE
1184 1098 1677 1182 POETICA

1039 1280 1280 1339 LIBER

336 1415 396 1482 1.
471 1421 510 1499 ξ
530 1423 807 1482 Humano
874 1425 1060 1499 capiti
1115 1405 1410 1482 'ceruicem
1472 1425 1665 1498 pictor
1723 1423 1999 1498 equinam
2048 1413 2163 1502 (c)]

178 1509 257 1569 De
303 1513 723 1589 inaequalitate
780 1512 973 1589 operis
1028 1513 1299 1588 loquitur
1346 1515 1406 1570 et
1451 1512 1556 1570 dat
1599 1513 1980 1587 praeceptum
2026 1513 2166 1570 scri-

176 1596 329 1659 bendi
377 1620 617 1677 poemat,
680 1603 740 1660 et
794 1603 1054 1676 primum
1096 1603 1480 1677 praeceptum
1527 1603 1617 1659 est
1662 1600 1733 1658 de
1779 1600 2165 1676 dispositione
2239 1611 2270 1661 5

178 1691 229 1746 et
270 1692 671 1749 conuenientia
716 1690 1009 1750 carminis.
1085 1689 1306 1750 Scribit
1351 1692 1552 1748 autem
1587 1690 1664 1747 ad
1699 1689 1958 1763 PisoneS,
2003 1690 2164 1746 uiros

176 1777 373 1838 nobiles
420 1782 481 1839 et
516 1779 786 1853 disertos,
834 1780 909 1838 ad
945 1782 1177 1855 patrem
1215 1781 1275 1837 et
1310 1778 1518 1852 fflium,
1563 1779 1659 1836 uel
1695 1780 1766 1836 ut
1802 1778 1909 1835 alii
1945 1777 2169 1849 dicunt,

179 1865 242 1923 ad
280 1869 484 1928 fratres
533 1859 922 1948 (P'abfVcC

328 1956 589 2035 §Capiti
644 1948 905 2038 (P'abO
922 1948 1097 2039 Vc§)]
1190 1954 1491 2033 Conparat
1535 1973 1774 2033 poema,
1839 1952 1998 2031 quod
2043 1954 2169 2013 sine

178 2049 493 2106 oeconomia
548 2048 655 2121 sit,
717 2049 986 2122 picturae
1043 2047 1359 2120 eiusmodi,
1425 2065 1575 2121 quae
1619 2044 1837 2103 habeat
1881 2044 2171 2102 ceruicem
2210 2055 2278 2104 10

175 2136 427 2207 equinam
500 2154 635 2194 cum
707 2137 899 2194 forma
959 2136 1221 2193 humana
1284 2137 1346 2193 et
1399 2135 1763 2194 diuersorum
1823 2132 2172 2191 animalium

177 2224 413 2388 {nembra
496 2227 557 2284 et
636 2226 879 2300 pinnas,
960 2243 1112 2299 quae
1182 2242 1436 2299 persona
1508 2223 1741 2282 desinat
1810 2224 1874 2279 in
1948 2222 2172 2296 piscem

199 2304 275 2367 P'
291 2336 326 2371 α
345 2315 377 2372 b
402 2312 453 2373 C
479 2314 623 2383 Ῡοζ

333 2395 397 2463 2.
446 2400 485 2477 ἓ
503 2401 788 2460 Inducere
820 2393 1120 2481 (occhgss
1194 2401 1358 2460 Idest
1400 2402 1682 2476 inponere
1725 2418 1949 2476 pennas
1987 2398 2203 2457 uariis‘

177 2488 443 2550 coloribus
489 2493 709 2549 natura
751 2489 991 2550 floridas
1038 2491 1137 2549 uel
1175 2492 1373 2549 uarias
1410 2490 1684 2548 inducere
1718 2490 1972 2565 plumas,
2017 2486 2172 2547 idest
2213 2499 2283 2548 15

178 2573 521 2638 diuersarum
570 2581 772 2638 auium
819 2580 1042 2638 colores
1091 2571 1427 2658 (P'oebVog

331 2660 396 2728 3.
481 2666 521 2743 ξ
540 2667 816 2743 Vndique
864 2660 922 2748 (c
936 2660 1021 2748 ζ)]
1112 2668 1202 2726 Ex
1249 2668 1499 2727 diuersis
1545 2667 1772 2726 scilicet
1816 2667 2173 2727 animalibus

175 2753 225 2809 ef·
277 2758 499 2816 multis,
592 2757 894 2833 Praecipit
953 2759 1196 2833 poetam
1260 2758 1733 2815 conuenientiam
1786 2774 2019 2815 seruare
2077 2755 2173 2813 de-

176 2836 289 2902 bere
335 2837 437 2926 (Γ
448 2847 481 2904 b
505 2846 630 2916 Vc?

107 3141 116 3152 ⁸
327 3092 359 3138 4
379 3087 589 3155 pcepta
608 3106 645 3137 α
782 3092 813 3139 5
834 3085 1101 3156 primum]
1121 3085 1277 3154 prius
1295 3088 1366 3149 οξ
1381 3084 1593 3153 priorii’i
1614 3084 1729 3152 (sic)
1743 3084 1797 3137 V
1916 3088 1944 3135 7
1966 3082 2176 3152 filium]

175 3147 310 3225 filills
341 3158 371 3211 b
427 3157 572 3210 filios
618 3160 693 3221 οξ
734 3157 858 3211 edit.
898 3173 1039 3212 cone.
1081 3157 1281 3226 Porph.
1500 3161 1531 3207 9
1581 3154 1757 3224 capiti
1803 3154 1992 3207 autem
2036 3156 2109 3217 οξ

177 3234 320 3294 conp:
339 3228 396 3299 ν]
420 3245 609 3296 comp:
630 3234 745 3282 cett.
895 3232 960 3282 10
979 3226 1191 3281 habeat
1207 3246 1281 3282 rv
1295 3228 1376 3282 Cb
1392 3244 1421 3282 c
1431 3227 1480 3297 ζ]
1502 3225 1749 3279 habebat
1761 3225 1814 3280 V
1832 3225 2006 3278 habet
2023 3244 2103 3291 γα

177 3295 227 3343 11
263 3312 383 3351 eum
413 3331 481 3339 —
510 3299 780 3369 humana]
820 3315 920 3353 om.
951 3302 1021 3363 οξ
1162 3305 1227 3352 12
1264 3299 1468 3367 pinnas
1506 3297 1630 3367 yV]
1665 3311 1878 3364 pennas
1905 3294 2169 3361 rvchg,

176 3371 382 3425 euanuit
416 3391 454 3424 α
639 3376 703 3424 14
742 3369 912 3440 idest]
951 3371 1024 3424 ad
1065 3371 1119 3425 V
1138 3386 1237 3424 om.
1271 3373 1342 3434 οξ
1516 3368 1800 3436 imponere
1835 3365 2050 3448 rabcss]
2090 3366 2176 3418 in-

176 3447 356 3498 Ponere
392 3447 507 3496 cett.
729 3445 795 3495 15
840 3441 955 3512 uel]
1005 3440 1154 3495 idest
1191 3441 1246 3495 V
1449 3439 1714 3493 inducere
1758 3437 1981 3507 plumas
2027 3437 2182 3490 idest

167 3517 260 3576 em.
285 3515 351 3575 οζ
489 3512 640 3565 idest
694 3513 833 3566 adV
972 3517 1037 3566 18
1067 3514 1126 3565 et
1154 3543 1220 3552 —
1252 3511 1481 3582 debere]
1511 3526 1610 3564 om.
1631 3514 1700 3574 οζ
1837 3510 2066 3578 poetam
2093 3509 2179 3579 Γ]

179 3581 322 3640 POGta
356 3604 387 3652 y
416 3599 552 3638 corr.
585 3603 618 3636 ν
711 3600 873 3638 emm.
904 3583 935 3637 b
