<?xml version="1.0" encoding="UTF-8"?>
<!DOCTYPE html PUBLIC "-//W3C//DTD XHTML 1.0 Transitional//EN"
    "http://www.w3.org/TR/xhtml1/DTD/xhtml1-transitional.dtd">
<html xmlns="http://www.w3.org/1999/xhtml" xml:lang="en" lang="en">
 <head>
  <title>
</title>
<meta http-equiv="Content-Type" content="text/html;charset=utf-8" />
  <meta name='ocr-system' content='tesseract 3.04.00' />
  <meta name='ocr-capabilities' content='ocr_page ocr_carea ocr_par ocr_line ocrx_word'/>
</head>
<body>
  <div class='ocr_page' id='page_1' title='image "./pseudacronissch03kellgoog/pseudacronissch03kellgoog_0235.png"; bbox 0 0 2602 4013; ppageno 0'>
   <div class='ocr_carea' id='block_1_1' title="bbox 1002 202 2189 275">
    <p class='ocr_par' dir='ltr' id='par_1_1' title="bbox 1002 202 2189 275">
     <span class='ocr_line' id='line_1_1' title="bbox 1002 202 2189 275; baseline 0.012 -19"><span class='ocrx_word' id='word_1_1' title='bbox 1002 202 1212 257; x_wconf 77' lang='lat' dir='ltr'><strong>SERM.</strong></span> <span class='ocrx_word' id='word_1_2' title='bbox 1231 203 1285 257; x_wconf 91' lang='grc' dir='ltr'>Π</span> <span class='ocrx_word' id='word_1_3' title='bbox 1313 209 1345 257; x_wconf 88' lang='grc'>6</span> <span class='ocrx_word' id='word_1_4' title='bbox 2058 204 2189 275; x_wconf 78' lang='grc'><strong>183</strong></span> 
     </span>
    </p>
   </div>
   <div class='ocr_carea' id='block_1_2' title="bbox 191 362 2294 2854">
    <p class='ocr_par' dir='ltr' id='par_1_2' title="bbox 195 362 2189 716">
     <span class='ocr_line' id='line_1_2' title="bbox 350 362 2187 453; baseline 0.002 -26"><span class='ocrx_word' id='word_1_5' title='bbox 350 362 458 430; x_wconf 82' lang='grc'><strong>69.</strong></span> <span class='ocrx_word' id='word_1_6' title='bbox 503 368 542 446; x_wconf 63' lang='grc' dir='ltr'>ἓ</span> <span class='ocrx_word' id='word_1_7' title='bbox 562 369 825 448; x_wconf 81' lang='lat' dir='ltr'>Legibus</span> <span class='ocrx_word' id='word_1_8' title='bbox 861 372 1088 431; x_wconf 89' lang='lat' dir='ltr'><strong>insanis</strong></span> <span class='ocrx_word' id='word_1_9' title='bbox 1118 363 1235 453; x_wconf 81' lang='grc' dir='ltr'>(ζ)]</span> <span class='ocrx_word' id='word_1_10' title='bbox 1309 372 1555 432; x_wconf 85' lang='lat' dir='ltr'><strong>Insanas</strong></span> <span class='ocrx_word' id='word_1_11' title='bbox 1593 373 1752 451; x_wconf 86' lang='lat' dir='ltr'><strong>leges</strong></span> <span class='ocrx_word' id='word_1_12' title='bbox 1791 374 2187 450; x_wconf 84' lang='lat' dir='ltr'><strong>archiposiam</strong></span> 
     </span>
     <span class='ocr_line' id='line_1_3' title="bbox 199 457 2188 540; baseline 0.003 -24"><span class='ocrx_word' id='word_1_13' title='bbox 199 457 336 517; x_wconf 87' lang='lat' dir='ltr'><strong>dicit.</strong></span> <span class='ocrx_word' id='word_1_14' title='bbox 400 459 552 519; x_wconf 92' lang='lat' dir='ltr'><strong>Nam</strong></span> <span class='ocrx_word' id='word_1_15' title='bbox 592 461 700 535; x_wconf 91' lang='lat' dir='ltr'><strong>qui</strong></span> <span class='ocrx_word' id='word_1_16' title='bbox 738 459 815 518; x_wconf 92' lang='lat' dir='ltr'><strong>ad</strong></span> <span class='ocrx_word' id='word_1_17' title='bbox 850 459 1041 539; x_wconf 85' lang='lat' dir='ltr'><strong>legem</strong></span> <span class='ocrx_word' id='word_1_18' title='bbox 1076 460 1307 536; x_wconf 88' lang='lat' dir='ltr'><strong>bibunt,</strong></span> <span class='ocrx_word' id='word_1_19' title='bbox 1345 461 1697 521; x_wconf 76' lang='lat' dir='ltr'><strong>tantundem</strong></span> <span class='ocrx_word' id='word_1_20' title='bbox 1723 462 1952 521; x_wconf 82' lang='lat' dir='ltr'><strong>bibunt.</strong></span> <span class='ocrx_word' id='word_1_21' title='bbox 2026 462 2188 540; x_wconf 83' lang='lat' dir='ltr'><strong>Ergo</strong></span> 
     </span>
     <span class='ocr_line' id='line_1_4' title="bbox 195 547 2189 716; baseline 0.002 -109"><span class='ocrx_word' id='word_1_22' title='bbox 195 548 276 716; x_wconf 43' lang='lat' dir='ltr'><strong>{ic</strong></span> <span class='ocrx_word' id='word_1_23' title='bbox 313 550 556 625; x_wconf 69' lang='lat' dir='ltr'><strong>gratius,</strong></span> <span class='ocrx_word' id='word_1_24' title='bbox 606 547 793 624; x_wconf 91' lang='lat' dir='ltr'><strong>quod,</strong></span> <span class='ocrx_word' id='word_1_25' title='bbox 841 552 1136 624; x_wconf 92' lang='lat' dir='ltr'><strong>quantum</strong></span> <span class='ocrx_word' id='word_1_26' title='bbox 1181 550 1423 611; x_wconf 84' lang='lat' dir='ltr'><strong>uolebat</strong></span> <span class='ocrx_word' id='word_1_27' title='bbox 1469 551 1619 627; x_wconf 79' lang='lat' dir='ltr'><strong>quiS,</strong></span> <span class='ocrx_word' id='word_1_28' title='bbox 1664 553 1902 610; x_wconf 89' lang='lat' dir='ltr'><strong>tantum</strong></span> <span class='ocrx_word' id='word_1_29' title='bbox 1945 550 2189 610; x_wconf 79' lang='lat' dir='ltr'><strong>bibebat</strong></span> 
     </span>
     <span class='ocr_line' id='line_1_5' title="bbox 218 637 1087 710; baseline 0.003 -16"><span class='ocrx_word' id='word_1_30' title='bbox 218 638 268 694; x_wconf 88' lang='grc' dir='ltr'><em>Γ</em></span> <span class='ocrx_word' id='word_1_31' title='bbox 275 638 304 695; x_wconf 80' lang='lat' dir='ltr'><strong><em>b</em></strong></span> <span class='ocrx_word' id='word_1_32' title='bbox 319 639 355 710; x_wconf 83' lang='lat' dir='ltr'><strong><em>f</em></strong></span> <span class='ocrx_word' id='word_1_33' title='bbox 375 637 518 709; x_wconf 56' lang='lat' dir='ltr'><strong>Vc(</strong></span> <span class='ocrx_word' id='word_1_34' title='bbox 1077 670 1087 683; x_wconf 50' lang='grc' dir='ltr'>κ</span> 
     </span>
    </p>

    <p class='ocr_par' dir='ltr' id='par_1_3' title="bbox 192 725 2293 898">
     <span class='ocr_line' id='line_1_6' title="bbox 342 725 2293 804; baseline 0.001 -19"><span class='ocrx_word' id='word_1_35' title='bbox 342 725 601 785; x_wconf 73' lang='lat' dir='ltr'><strong>*Aliterz</strong></span> <span class='ocrx_word' id='word_1_36' title='bbox 648 727 890 786; x_wconf 87' lang='lat' dir='ltr'><strong>insanas</strong></span> <span class='ocrx_word' id='word_1_37' title='bbox 936 726 1096 804; x_wconf 85' lang='lat' dir='ltr'><strong>leges</strong></span> <span class='ocrx_word' id='word_1_38' title='bbox 1142 729 1404 803; x_wconf 85' lang='lat' dir='ltr'><strong>uocauit,</strong></span> <span class='ocrx_word' id='word_1_39' title='bbox 1452 729 1666 804; x_wconf 86' lang='lat' dir='ltr'><strong>quibus</strong></span> <span class='ocrx_word' id='word_1_40' title='bbox 1714 729 1817 787; x_wconf 89' lang='lat' dir='ltr'><strong>diu</strong></span> <span class='ocrx_word' id='word_1_41' title='bbox 1861 728 2090 787; x_wconf 83' lang='lat' dir='ltr'><strong>bibitur</strong></span> <span class='ocrx_word' id='word_1_42' title='bbox 2127 731 2187 787; x_wconf 93' lang='lat' dir='ltr'><strong>et</strong></span> <span class='ocrx_word' id='word_1_43' title='bbox 2236 737 2293 787; x_wconf 78' lang='grc'><strong>-5</strong></span> 
     </span>
     <span class='ocr_line' id='line_1_7' title="bbox 192 809 1095 898; baseline 0.002 -26"><span class='ocrx_word' id='word_1_44' title='bbox 192 816 242 872; x_wconf 87' lang='lat' dir='ltr'><strong>in</strong></span> <span class='ocrx_word' id='word_1_45' title='bbox 278 817 540 875; x_wconf 86' lang='lat' dir='ltr'><strong>maximis</strong></span> <span class='ocrx_word' id='word_1_46' title='bbox 589 815 874 874; x_wconf 88' lang='lat' dir='ltr'><strong>calicibus</strong></span> <span class='ocrx_word' id='word_1_47' title='bbox 923 809 1095 898; x_wconf 72' lang='lat' dir='ltr'><strong>(fbf</strong></span> 
     </span>
    </p>

    <p class='ocr_par' dir='ltr' id='par_1_4' title="bbox 339 895 1399 987">
     <span class='ocr_line' id='line_1_8' title="bbox 339 895 1399 987; baseline 0.003 -25"><span class='ocrx_word' id='word_1_48' title='bbox 339 904 559 964; x_wconf 81' lang='lat' dir='ltr'><strong>*Acria</strong></span> <span class='ocrx_word' id='word_1_49' title='bbox 607 895 761 984; x_wconf 77' lang='grc' dir='ltr'>(οζ)]</span> <span class='ocrx_word' id='word_1_50' title='bbox 845 903 1111 963; x_wconf 82' lang='lat' dir='ltr'><strong>Grandia</strong></span> <span class='ocrx_word' id='word_1_51' title='bbox 1156 898 1399 987; x_wconf 69' lang='grc' dir='ltr'>(Γόΐοζ</span> 
     </span>
    </p>

    <p class='ocr_par' dir='ltr' id='par_1_5' title="bbox 191 983 2185 1164">
     <span class='ocr_line' id='line_1_9' title="bbox 341 983 2185 1075; baseline 0.002 -24.012"><span class='ocrx_word' id='word_1_52' title='bbox 348 1012 368 1051; x_wconf 75' lang='grc' dir='ltr'><strong>ι</strong></span> <span class='ocrx_word' id='word_1_53' title='bbox 341 986 450 1055; x_wconf 55' lang='grc'><strong>’.2</strong></span> <span class='ocrx_word' id='word_1_54' title='bbox 499 992 737 1069; x_wconf 76' lang='lat' dir='ltr'><strong>*Lepos</strong></span> <span class='ocrx_word' id='word_1_55' title='bbox 766 983 881 1075; x_wconf 88' lang='lat' dir='ltr'><strong>(c)]</strong></span> <span class='ocrx_word' id='word_1_56' title='bbox 961 993 1191 1053; x_wconf 89' lang='lat' dir='ltr'><strong>Nomen</strong></span> <span class='ocrx_word' id='word_1_57' title='bbox 1229 996 1539 1072; x_wconf 89' lang='lat' dir='ltr'><strong>proprium</strong></span> <span class='ocrx_word' id='word_1_58' title='bbox 1577 997 1979 1072; x_wconf 74' lang='lat' dir='ltr'><strong>opinatissimi</strong></span> <span class='ocrx_word' id='word_1_59' title='bbox 2006 995 2185 1054; x_wconf 86' lang='lat' dir='ltr'><strong>salta·</strong></span> 
     </span>
     <span class='ocr_line' id='line_1_10' title="bbox 191 1074 1113 1164; baseline 0.002 -25"><span class='ocrx_word' id='word_1_60' title='bbox 191 1083 328 1155; x_wconf 76' lang='lat' dir='ltr'><strong>toriS,</strong></span> <span class='ocrx_word' id='word_1_61' title='bbox 370 1084 532 1160; x_wconf 86' lang='lat' dir='ltr'><strong>grati</strong></span> <span class='ocrx_word' id='word_1_62' title='bbox 581 1080 822 1141; x_wconf 81' lang='lat' dir='ltr'><strong>Caesari</strong></span> <span class='ocrx_word' id='word_1_63' title='bbox 870 1074 1113 1164; x_wconf 60' lang='lat' dir='ltr'><strong>(becg</strong></span> 
     </span>
    </p>

    <p class='ocr_par' dir='ltr' id='par_1_6' title="bbox 194 1164 2294 1515">
     <span class='ocr_line' id='line_1_11' title="bbox 342 1164 2294 1254; baseline 0.001 -25"><span class='ocrx_word' id='word_1_64' title='bbox 342 1164 453 1232; x_wconf 81' lang='lat'><strong>73.</strong></span> <span class='ocrx_word' id='word_1_65' title='bbox 527 1168 567 1246; x_wconf 69' lang='grc' dir='ltr'>ξ</span> <span class='ocrx_word' id='word_1_66' title='bbox 588 1172 832 1230; x_wconf 82' lang='lat' dir='ltr'><strong>Nescire</strong></span> <span class='ocrx_word' id='word_1_67' title='bbox 875 1171 1105 1231; x_wconf 90' lang='lat' dir='ltr'><strong>malum</strong></span> <span class='ocrx_word' id='word_1_68' title='bbox 1150 1175 1241 1231; x_wconf 86' lang='lat' dir='ltr'><strong>est</strong></span> <span class='ocrx_word' id='word_1_69' title='bbox 1278 1164 1341 1252; x_wconf 82' lang='lat' dir='ltr'><strong>(b</strong></span> <span class='ocrx_word' id='word_1_70' title='bbox 1353 1165 1439 1254; x_wconf 80' lang='grc' dir='ltr'><strong>ζ)]</strong></span> <span class='ocrx_word' id='word_1_71' title='bbox 1522 1172 1653 1233; x_wconf 92' lang='lat' dir='ltr'><strong>Hoc</strong></span> <span class='ocrx_word' id='word_1_72' title='bbox 1698 1175 1847 1233; x_wconf 88' lang='lat' dir='ltr'><strong>scire</strong></span> <span class='ocrx_word' id='word_1_73' title='bbox 1892 1173 2187 1246; x_wconf 88' lang='lat' dir='ltr'><strong>uolumus,</strong></span> <span class='ocrx_word' id='word_1_74' title='bbox 2227 1182 2294 1231; x_wconf 85' lang='lat'><strong>10</strong></span> 
     </span>
     <span class='ocr_line' id='line_1_12' title="bbox 194 1253 1300 1342; baseline 0.004 -26"><span class='ocrx_word' id='word_1_75' title='bbox 194 1260 321 1334; x_wconf 86' lang='lat' dir='ltr'><strong>quod</strong></span> <span class='ocrx_word' id='word_1_76' title='bbox 361 1262 587 1320; x_wconf 88' lang='lat' dir='ltr'><strong>nescire</strong></span> <span class='ocrx_word' id='word_1_77' title='bbox 633 1262 857 1320; x_wconf 81' lang='lat' dir='ltr'><strong>crimen</strong></span> <span class='ocrx_word' id='word_1_78' title='bbox 902 1263 993 1320; x_wconf 87' lang='lat' dir='ltr'><strong>est</strong></span> <span class='ocrx_word' id='word_1_79' title='bbox 1038 1253 1300 1342; x_wconf 61' lang='lat' dir='ltr'><strong>(17⁸ch</strong></span> 
     </span>
     <span class='ocr_line' id='line_1_13' title="bbox 194 1347 2188 1515; baseline 0.001 -107"><span class='ocrx_word' id='word_1_80' title='bbox 194 1429 216 1515; x_wconf 69' lang='lat'><strong>(</strong></span> <span class='ocrx_word' id='word_1_81' title='bbox 338 1347 482 1423; x_wconf 70' lang='lat' dir='ltr'><strong>§De</strong></span> <span class='ocrx_word' id='word_1_82' title='bbox 547 1350 662 1408; x_wconf 90' lang='lat' dir='ltr'><strong>hoc</strong></span> <span class='ocrx_word' id='word_1_83' title='bbox 726 1349 1130 1425; x_wconf 83' lang='lat' dir='ltr'><strong>disputamus,</strong></span> <span class='ocrx_word' id='word_1_84' title='bbox 1206 1349 1366 1426; x_wconf 91' lang='lat' dir='ltr'><strong>quod</strong></span> <span class='ocrx_word' id='word_1_85' title='bbox 1428 1351 1705 1429; x_wconf 85' lang='lat' dir='ltr'><strong>ignorare</strong></span> <span class='ocrx_word' id='word_1_86' title='bbox 1768 1369 1886 1409; x_wconf 91' lang='lat' dir='ltr'><strong>non</strong></span> <span class='ocrx_word' id='word_1_87' title='bbox 1950 1352 2188 1438; x_wconf 79' lang='lat' dir='ltr'><strong>expedit</strong></span> 
     </span>
     <span class='ocr_line' id='line_1_14' title="bbox 217 1438 516 1510; baseline 0.017 -17"><span class='ocrx_word' id='word_1_88' title='bbox 217 1438 299 1496; x_wconf 82' lang='lat' dir='ltr'><strong>Pb</strong></span> <span class='ocrx_word' id='word_1_89' title='bbox 314 1441 348 1510; x_wconf 82' lang='lat' dir='ltr'><em>f</em></span> <span class='ocrx_word' id='word_1_90' title='bbox 366 1438 516 1509; x_wconf 65' lang='lat' dir='ltr'><strong>ch&#39;</strong></span> 
     </span>
    </p>

    <p class='ocr_par' dir='ltr' id='par_1_7' title="bbox 196 1520 2292 1871">
     <span class='ocr_line' id='line_1_15' title="bbox 341 1520 2187 1628; baseline 0.001 -43"><span class='ocrx_word' id='word_1_91' title='bbox 341 1520 375 1585; x_wconf 99' lang='lat'><strong>7</strong></span> <span class='ocrx_word' id='word_1_92' title='bbox 384 1520 450 1589; x_wconf 77' lang='grc' dir='ltr'><strong>ὅ.</strong></span> <span class='ocrx_word' id='word_1_93' title='bbox 525 1527 690 1586; x_wconf 90' lang='lat' dir='ltr'><strong>Idest</strong></span> <span class='ocrx_word' id='word_1_94' title='bbox 744 1529 1109 1628; x_wconf 81' lang='lat' dir='ltr'><strong>quaerimus,</strong></span> <span class='ocrx_word' id='word_1_95' title='bbox 1171 1527 1316 1603; x_wconf 90' lang='lat' dir='ltr'><strong>quid</strong></span> <span class='ocrx_word' id='word_1_96' title='bbox 1361 1546 1467 1587; x_wconf 86' lang='lat' dir='ltr'><strong>nos</strong></span> <span class='ocrx_word' id='word_1_97' title='bbox 1514 1529 1704 1587; x_wconf 82' lang='lat' dir='ltr'><strong>trahit</strong></span> <span class='ocrx_word' id='word_1_98' title='bbox 1748 1528 1825 1587; x_wconf 91' lang='lat' dir='ltr'><strong>ad</strong></span> <span class='ocrx_word' id='word_1_99' title='bbox 1872 1529 2187 1601; x_wconf 78' lang='lat' dir='ltr'><strong>amicitias„</strong></span> 
     </span>
     <span class='ocr_line' id='line_1_16' title="bbox 196 1608 2292 1697; baseline 0.001 -26"><span class='ocrx_word' id='word_1_100' title='bbox 196 1616 359 1677; x_wconf 82' lang='lat' dir='ltr'><strong>utrum</strong></span> <span class='ocrx_word' id='word_1_101' title='bbox 403 1617 659 1690; x_wconf 74' lang='lat' dir='ltr'><strong>uffilitas,</strong></span> <span class='ocrx_word' id='word_1_102' title='bbox 705 1634 782 1673; x_wconf 90' lang='lat' dir='ltr'><strong>an</strong></span> <span class='ocrx_word' id='word_1_103' title='bbox 828 1618 960 1692; x_wconf 90' lang='lat' dir='ltr'><strong>ipsa</strong></span> <span class='ocrx_word' id='word_1_104' title='bbox 1003 1616 1239 1675; x_wconf 88' lang='lat' dir='ltr'><strong>bonitas</strong></span> <span class='ocrx_word' id='word_1_105' title='bbox 1290 1608 1417 1697; x_wconf 79' lang='lat' dir='ltr'><strong>(Pf</strong></span> <span class='ocrx_word' id='word_1_106' title='bbox 1431 1617 1484 1674; x_wconf 92' lang='lat' dir='ltr'><strong><em>V</em></strong></span> <span class='ocrx_word' id='word_1_107' title='bbox 2227 1627 2292 1675; x_wconf 80' lang='lat'><strong>15</strong></span> 
     </span>
     <span class='ocr_line' id='line_1_17' title="bbox 340 1698 2187 1786; baseline 0.001 -22"><span class='ocrx_word' id='word_1_108' title='bbox 340 1702 625 1778; x_wconf 71' lang='lat' dir='ltr'><strong>§Quidue</strong></span> <span class='ocrx_word' id='word_1_109' title='bbox 685 1704 764 1764; x_wconf 88' lang='lat' dir='ltr'><strong>ad</strong></span> <span class='ocrx_word' id='word_1_110' title='bbox 816 1704 1112 1765; x_wconf 85' lang='lat' dir='ltr'><strong>amicitias</strong></span> <span class='ocrx_word' id='word_1_111' title='bbox 1171 1698 1285 1786; x_wconf 82' lang='grc' dir='ltr'>(ζ)]</span> <span class='ocrx_word' id='word_1_112' title='bbox 1392 1705 1572 1765; x_wconf 89' lang='lat' dir='ltr'><strong>Multi</strong></span> <span class='ocrx_word' id='word_1_113' title='bbox 1624 1706 1835 1765; x_wconf 90' lang='lat' dir='ltr'><strong>dicunt</strong></span> <span class='ocrx_word' id='word_1_114' title='bbox 1891 1707 2187 1765; x_wconf 87' lang='lat' dir='ltr'><strong>amicitias</strong></span> 
     </span>
     <span class='ocr_line' id='line_1_18' title="bbox 196 1794 2186 1871; baseline 0.001 -19"><span class='ocrx_word' id='word_1_115' title='bbox 196 1796 405 1868; x_wconf 89' lang='lat' dir='ltr'><strong>propter</strong></span> <span class='ocrx_word' id='word_1_116' title='bbox 454 1794 788 1853; x_wconf 88' lang='lat' dir='ltr'><strong>utilitatem</strong></span> <span class='ocrx_word' id='word_1_117' title='bbox 843 1796 1063 1871; x_wconf 90' lang='lat' dir='ltr'><strong>accipi,</strong></span> <span class='ocrx_word' id='word_1_118' title='bbox 1125 1795 1306 1853; x_wconf 84' lang='lat' dir='ltr'><strong>multi</strong></span> <span class='ocrx_word' id='word_1_119' title='bbox 1359 1795 1689 1854; x_wconf 87' lang='lat' dir='ltr'><strong>utilitatem</strong></span> <span class='ocrx_word' id='word_1_120' title='bbox 1742 1797 1987 1871; x_wconf 88' lang='lat' dir='ltr'><strong>propter</strong></span> <span class='ocrx_word' id='word_1_121' title='bbox 2040 1797 2186 1853; x_wconf 90' lang='lat' dir='ltr'><strong>ami-</strong></span> 
     </span>
    </p>

    <p class='ocr_par' dir='ltr' id='par_1_8' title="bbox 198 1875 931 1964">
     <span class='ocr_line' id='line_1_19' title="bbox 198 1875 931 1964; baseline 0.01 -27"><span class='ocrx_word' id='word_1_122' title='bbox 198 1883 340 1942; x_wconf 86' lang='lat' dir='ltr'><strong>citias</strong></span> <span class='ocrx_word' id='word_1_123' title='bbox 383 1885 619 1943; x_wconf 87' lang='lat' dir='ltr'><strong>euenire</strong></span> <span class='ocrx_word' id='word_1_124' title='bbox 667 1875 931 1964; x_wconf 59' lang='lat' dir='ltr'><strong>(1⁷1⁹ch</strong></span> 
     </span>
    </p>

    <p class='ocr_par' dir='ltr' id='par_1_9' title="bbox 197 1963 2293 2141">
     <span class='ocr_line' id='line_1_20' title="bbox 344 1963 2187 2054; baseline 0.001 -24"><span class='ocrx_word' id='word_1_125' title='bbox 344 1964 378 2030; x_wconf 99' lang='lat'><strong>7</strong></span> <span class='ocrx_word' id='word_1_126' title='bbox 386 1965 451 2034; x_wconf 95' lang='grc'><strong>6.</strong></span> <span class='ocrx_word' id='word_1_127' title='bbox 535 1969 575 2048; x_wconf 65' lang='grc' dir='ltr'>ξ</span> <span class='ocrx_word' id='word_1_128' title='bbox 595 1972 678 2032; x_wconf 86' lang='grc' dir='ltr'><strong>Ει</strong></span> <span class='ocrx_word' id='word_1_129' title='bbox 742 1991 892 2048; x_wconf 90' lang='lat' dir='ltr'><strong>quae</strong></span> <span class='ocrx_word' id='word_1_130' title='bbox 956 1973 1037 2033; x_wconf 90' lang='lat' dir='ltr'><strong>sit</strong></span> <span class='ocrx_word' id='word_1_131' title='bbox 1082 1963 1198 2054; x_wconf 79' lang='grc' dir='ltr'>(ζ)]</span> <span class='ocrx_word' id='word_1_132' title='bbox 1294 1972 1576 2049; x_wconf 85' lang='lat' dir='ltr'><strong>Epicurei</strong></span> <span class='ocrx_word' id='word_1_133' title='bbox 1630 1972 1837 2032; x_wconf 92' lang='lat' dir='ltr'><strong>dicunt</strong></span> <span class='ocrx_word' id='word_1_134' title='bbox 1891 1991 2187 2032; x_wconf 89' lang='lat' dir='ltr'><strong>summum</strong></span> 
     </span>
     <span class='ocr_line' id='line_1_21' title="bbox 197 2055 2293 2141; baseline 0.001 -23"><span class='ocrx_word' id='word_1_135' title='bbox 197 2056 381 2120; x_wconf 87' lang='lat' dir='ltr'><strong>bonum</strong></span> <span class='ocrx_word' id='word_1_136' title='bbox 424 2081 548 2122; x_wconf 90' lang='lat' dir='ltr'><strong>esse</strong></span> <span class='ocrx_word' id='word_1_137' title='bbox 594 2062 988 2138; x_wconf 89' lang='lat' dir='ltr'><strong>uoluptatem,</strong></span> <span class='ocrx_word' id='word_1_138' title='bbox 1036 2060 1225 2121; x_wconf 86' lang='lat' dir='ltr'><strong>Stoici</strong></span> <span class='ocrx_word' id='word_1_139' title='bbox 1270 2063 1645 2121; x_wconf 87' lang='lat' dir='ltr'><strong>honestatem</strong></span> <span class='ocrx_word' id='word_1_140' title='bbox 1692 2055 1949 2141; x_wconf 63' lang='lat' dir='ltr'><strong>(17⁰ch</strong></span> <span class='ocrx_word' id='word_1_141' title='bbox 2224 2072 2293 2121; x_wconf 91' lang='grc'><strong>20</strong></span> 
     </span>
    </p>

    <p class='ocr_par' dir='ltr' id='par_1_10' title="bbox 347 2142 1615 2232">
     <span class='ocr_line' id='line_1_22' title="bbox 347 2142 1615 2232; baseline 0.002 -24"><span class='ocrx_word' id='word_1_142' title='bbox 347 2143 454 2212; x_wconf 87' lang='grc'><strong>77.</strong></span> <span class='ocrx_word' id='word_1_143' title='bbox 528 2150 781 2210; x_wconf 81' lang='lat' dir='ltr'><strong>*Garrit</strong></span> <span class='ocrx_word' id='word_1_144' title='bbox 828 2142 981 2231; x_wconf 79' lang='grc' dir='ltr'>(οζ)]</span> <span class='ocrx_word' id='word_1_145' title='bbox 1064 2151 1290 2210; x_wconf 86' lang='lat' dir='ltr'><strong>Narrat</strong></span> <span class='ocrx_word' id='word_1_146' title='bbox 1339 2143 1615 2232; x_wconf 65' lang='lat' dir='ltr'><em>(Pong</em></span> 
     </span>
    </p>

    <p class='ocr_par' dir='ltr' id='par_1_11' title="bbox 345 2231 1737 2321">
     <span class='ocr_line' id='line_1_23' title="bbox 345 2231 1737 2321; baseline 0.002 -25"><span class='ocrx_word' id='word_1_147' title='bbox 345 2231 453 2301; x_wconf 89' lang='grc'><strong>78.</strong></span> <span class='ocrx_word' id='word_1_148' title='bbox 527 2239 662 2298; x_wconf 81' lang='lat' dir='ltr'><strong>*Ex</strong></span> <span class='ocrx_word' id='word_1_149' title='bbox 706 2259 771 2298; x_wconf 91' lang='lat' dir='ltr'><strong>re</strong></span> <span class='ocrx_word' id='word_1_150' title='bbox 820 2232 973 2321; x_wconf 78' lang='grc' dir='ltr'>(οζ)]</span> <span class='ocrx_word' id='word_1_151' title='bbox 1055 2239 1174 2299; x_wconf 90' lang='lat' dir='ltr'><strong>Pro</strong></span> <span class='ocrx_word' id='word_1_152' title='bbox 1221 2240 1528 2299; x_wconf 90' lang='lat' dir='ltr'><strong>commodo</strong></span> <span class='ocrx_word' id='word_1_153' title='bbox 1575 2233 1737 2320; x_wconf 64' lang='lat' dir='ltr'><strong>(Peg</strong></span> 
     </span>
    </p>

    <p class='ocr_par' dir='ltr' id='par_1_12' title="bbox 197 2320 2187 2500">
     <span class='ocr_line' id='line_1_24' title="bbox 345 2320 2187 2410; baseline 0.001 -24"><span class='ocrx_word' id='word_1_154' title='bbox 345 2320 379 2385; x_wconf 99' lang='lat'><strong>7</strong></span> <span class='ocrx_word' id='word_1_155' title='bbox 386 2322 451 2389; x_wconf 81' lang='grc'><strong>9</strong></span> <span class='ocrx_word' id='word_1_156' title='bbox 535 2328 876 2389; x_wconf 76' lang='lat' dir='ltr'><strong>*Sollicitas</strong></span> <span class='ocrx_word' id='word_1_157' title='bbox 922 2331 961 2389; x_wconf 90' lang='lat' dir='ltr'><strong>i.</strong></span> <span class='ocrx_word' id='word_1_158' title='bbox 1002 2347 1052 2387; x_wconf 92' lang='lat'><strong>0.</strong></span> <span class='ocrx_word' id='word_1_159' title='bbox 1092 2320 1207 2410; x_wconf 80' lang='grc' dir='ltr'>(ζ)]</span> <span class='ocrx_word' id='word_1_160' title='bbox 1301 2327 1456 2397; x_wconf 83' lang='lat' dir='ltr'><strong>Quia</strong></span> <span class='ocrx_word' id='word_1_161' title='bbox 1506 2330 1726 2387; x_wconf 88' lang='lat' dir='ltr'><strong>nimius</strong></span> <span class='ocrx_word' id='word_1_162' title='bbox 1773 2347 1978 2388; x_wconf 87' lang='lat' dir='ltr'><strong>census</strong></span> <span class='ocrx_word' id='word_1_163' title='bbox 2024 2329 2187 2387; x_wconf 92' lang='lat' dir='ltr'><strong>solli-</strong></span> 
     </span>
     <span class='ocr_line' id='line_1_25' title="bbox 197 2411 790 2500; baseline 0.017 -31"><span class='ocrx_word' id='word_1_164' title='bbox 197 2415 319 2475; x_wconf 84' lang='lat' dir='ltr'><strong>citos</strong></span> <span class='ocrx_word' id='word_1_165' title='bbox 357 2417 502 2478; x_wconf 85' lang='lat' dir='ltr'><strong>facit</strong></span> <span class='ocrx_word' id='word_1_166' title='bbox 550 2411 790 2500; x_wconf 69' lang='grc' dir='ltr'>(ΓΓεσζ</span> 
     </span>
    </p>

    <p class='ocr_par' dir='ltr' id='par_1_13' title="bbox 197 2505 2292 2854">
     <span class='ocr_line' id='line_1_26' title="bbox 341 2505 2292 2567; baseline 0.001 -4"><span class='ocrx_word' id='word_1_167' title='bbox 341 2506 529 2565; x_wconf 76' lang='lat' dir='ltr'><strong>*Vult</strong></span> <span class='ocrx_word' id='word_1_168' title='bbox 591 2507 702 2566; x_wconf 87' lang='lat' dir='ltr'><strong>hoc</strong></span> <span class='ocrx_word' id='word_1_169' title='bbox 765 2507 895 2565; x_wconf 90' lang='lat' dir='ltr'><strong>loco</strong></span> <span class='ocrx_word' id='word_1_170' title='bbox 961 2505 1264 2566; x_wconf 81' lang='lat' dir='ltr'><strong>ostendere</strong></span> <span class='ocrx_word' id='word_1_171' title='bbox 1326 2506 1567 2567; x_wconf 84' lang='lat' dir='ltr'><strong>beatam</strong></span> <span class='ocrx_word' id='word_1_172' title='bbox 1630 2508 1821 2565; x_wconf 90' lang='lat' dir='ltr'><strong>uitam</strong></span> <span class='ocrx_word' id='word_1_173' title='bbox 1886 2525 2005 2566; x_wconf 90' lang='lat' dir='ltr'><strong>non</strong></span> <span class='ocrx_word' id='word_1_174' title='bbox 2058 2506 2187 2566; x_wconf 88' lang='lat' dir='ltr'><strong>fieri</strong></span> <span class='ocrx_word' id='word_1_175' title='bbox 2224 2516 2292 2564; x_wconf 80' lang='grc'><strong>26</strong></span> 
     </span>
     <span class='ocr_line' id='line_1_27' title="bbox 197 2587 2272 2677; baseline 0.002 -29"><span class='ocrx_word' id='word_1_176' title='bbox 197 2589 408 2669; x_wconf 84' lang='lat' dir='ltr'><strong>diuitiis,</strong></span> <span class='ocrx_word' id='word_1_177' title='bbox 443 2596 548 2655; x_wconf 87' lang='lat' dir='ltr'><strong>sed</strong></span> <span class='ocrx_word' id='word_1_178' title='bbox 583 2596 871 2656; x_wconf 87' lang='lat' dir='ltr'><strong>autarcia.</strong></span> <span class='ocrx_word' id='word_1_179' title='bbox 953 2595 1153 2674; x_wconf 85' lang='lat' dir='ltr'><strong>Negat</strong></span> <span class='ocrx_word' id='word_1_180' title='bbox 1191 2593 1396 2654; x_wconf 83' lang='lat' dir='ltr'><strong>Cicero</strong></span> <span class='ocrx_word' id='word_1_181' title='bbox 1437 2587 1576 2677; x_wconf 79' lang='lat' dir='ltr'><strong>(uel.</strong></span> <span class='ocrx_word' id='word_1_182' title='bbox 1606 2594 1700 2653; x_wconf 93' lang='grc' dir='ltr'><strong>ΠΙ</strong></span> <span class='ocrx_word' id='word_1_183' title='bbox 1725 2615 1788 2669; x_wconf 79' lang='lat' dir='ltr'><strong>p.</strong></span> <span class='ocrx_word' id='word_1_184' title='bbox 1830 2595 1960 2655; x_wconf 83' lang='lat'><strong>350</strong></span> <span class='ocrx_word' id='word_1_185' title='bbox 1978 2587 2185 2676; x_wconf 76' lang='lat' dir='ltr'><strong>Klotz)</strong></span> <span class='ocrx_word' id='word_1_186' title='bbox 2268 2648 2272 2652; x_wconf 23' lang='lat'><strong>⁴</strong></span> 
     </span>
     <span class='ocr_line' id='line_1_28' title="bbox 198 2678 2187 2761; baseline 0.003 -25"><span class='ocrx_word' id='word_1_187' title='bbox 198 2683 489 2744; x_wconf 80' lang='lat' dir='ltr'><strong>autarciam</strong></span> <span class='ocrx_word' id='word_1_188' title='bbox 546 2704 664 2743; x_wconf 91' lang='lat' dir='ltr'><strong>uno</strong></span> <span class='ocrx_word' id='word_1_189' title='bbox 719 2685 899 2744; x_wconf 92' lang='lat' dir='ltr'><strong>uerbo</strong></span> <span class='ocrx_word' id='word_1_190' title='bbox 955 2703 1125 2759; x_wconf 82' lang='lat' dir='ltr'><strong>posse</strong></span> <span class='ocrx_word' id='word_1_191' title='bbox 1171 2683 1308 2742; x_wconf 90' lang='lat' dir='ltr'><strong>dici.</strong></span> <span class='ocrx_word' id='word_1_192' title='bbox 1404 2679 1421 2706; x_wconf 75' lang='lat'><em>‘</em></span> <span class='ocrx_word' id='word_1_193' title='bbox 1434 2683 1723 2743; x_wconf 87' lang='lat' dir='ltr'><strong>Autarcia</strong></span> <span class='ocrx_word' id='word_1_194' title='bbox 1770 2688 1862 2744; x_wconf 91' lang='lat' dir='ltr'><strong>est</strong></span> <span class='ocrx_word' id='word_1_195' title='bbox 1871 2678 1910 2760; x_wconf 75' lang='lat'><strong>³,</strong></span> <span class='ocrx_word' id='word_1_196' title='bbox 1969 2685 2187 2761; x_wconf 86' lang='lat' dir='ltr'><strong>inquit,</strong></span> 
     </span>
     <span class='ocr_line' id='line_1_29' title="bbox 197 2762 2197 2854; baseline 0.002 -24"><span class='ocrx_word' id='word_1_197' title='bbox 197 2762 348 2844; x_wconf 85' lang='lat' dir='ltr'><strong>‘quae</strong></span> <span class='ocrx_word' id='word_1_198' title='bbox 388 2792 581 2850; x_wconf 88' lang='lat' dir='ltr'><strong>paruo</strong></span> <span class='ocrx_word' id='word_1_199' title='bbox 629 2775 909 2833; x_wconf 84' lang='lat' dir='ltr'><strong>contenta</strong></span> <span class='ocrx_word' id='word_1_200' title='bbox 956 2791 1126 2832; x_wconf 91' lang='lat' dir='ltr'><strong>omne</strong></span> <span class='ocrx_word' id='word_1_201' title='bbox 1171 2774 1420 2849; x_wconf 87' lang='lat' dir='ltr'><strong>respuit,</strong></span> <span class='ocrx_word' id='word_1_202' title='bbox 1467 2774 1625 2849; x_wconf 90' lang='lat' dir='ltr'><strong>quod</strong></span> <span class='ocrx_word' id='word_1_203' title='bbox 1669 2768 1994 2833; x_wconf 87' lang='lat' dir='ltr'><strong>redundat&#39;</strong></span> <span class='ocrx_word' id='word_1_204' title='bbox 2027 2765 2146 2854; x_wconf 79' lang='lat' dir='ltr'><strong>(Pb</strong></span> <span class='ocrx_word' id='word_1_205' title='bbox 2158 2776 2197 2848; x_wconf 79' lang='lat' dir='ltr'><em>f</em></span> 
     </span>
    </p>
   </div>
   <div class='ocr_carea' id='block_1_3' title="bbox 186 3011 2186 3638">
    <p class='ocr_par' dir='ltr' id='par_1_14' title="bbox 191 3011 2186 3226">
     <span class='ocr_line' id='line_1_30' title="bbox 341 3011 2186 3083; baseline 0.001 -16"><span class='ocrx_word' id='word_1_206' title='bbox 341 3019 368 3067; x_wconf 94' lang='lat'>1</span> <span class='ocrx_word' id='word_1_207' title='bbox 406 3013 850 3083; x_wconf 83' lang='lat' dir='ltr'><strong>archipasiamV</strong></span> <span class='ocrx_word' id='word_1_208' title='bbox 878 3011 1308 3083; x_wconf 86' lang='lat' dir='ltr'><strong>archipaphiam</strong></span> <span class='ocrx_word' id='word_1_209' title='bbox 1334 3029 1364 3068; x_wconf 85' lang='lat' dir='ltr'><strong>c</strong></span> <span class='ocrx_word' id='word_1_210' title='bbox 1400 3012 1801 3082; x_wconf 89' lang='lat' dir='ltr'><strong>achipaphiam</strong></span> <span class='ocrx_word' id='word_1_211' title='bbox 1828 3017 1860 3077; x_wconf 80' lang='grc' dir='ltr'><em>ζ</em></span> <span class='ocrx_word' id='word_1_212' title='bbox 1998 3018 2030 3066; x_wconf 94' lang='grc'><strong>2</strong></span> <span class='ocrx_word' id='word_1_213' title='bbox 2060 3020 2186 3068; x_wconf 78' lang='lat' dir='ltr'><strong>ante</strong></span> 
     </span>
     <span class='ocr_line' id='line_1_31' title="bbox 197 3078 2184 3153; baseline 0.001 -17.023"><span class='ocrx_word' id='word_1_214' title='bbox 197 3078 561 3139; x_wconf 75' lang='lat' dir='ltr'><strong>‘tantundem’</strong></span> <span class='ocrx_word' id='word_1_215' title='bbox 609 3102 787 3139; x_wconf 75' lang='lat' dir='ltr'><strong>unum</strong></span> <span class='ocrx_word' id='word_1_216' title='bbox 831 3101 1052 3139; x_wconf 77' lang='lat' dir='ltr'><strong>uersum</strong></span> <span class='ocrx_word' id='word_1_217' title='bbox 1094 3085 1261 3139; x_wconf 77' lang='lat' dir='ltr'><strong>huius</strong></span> <span class='ocrx_word' id='word_1_218' title='bbox 1306 3084 1420 3150; x_wconf 79' lang='lat' dir='ltr'><strong>fere</strong></span> <span class='ocrx_word' id='word_1_219' title='bbox 1455 3087 1749 3139; x_wconf 72' lang='lat' dir='ltr'><strong>sententiae</strong></span> <span class='ocrx_word' id='word_1_220' title='bbox 1785 3084 2045 3139; x_wconf 70' lang='lat' dir='ltr'><strong>excidisse</strong></span> <span class='ocrx_word' id='word_1_221' title='bbox 2074 3102 2184 3153; x_wconf 73' lang='lat' dir='ltr'><strong>pu-</strong></span> 
     </span>
     <span class='ocr_line' id='line_1_32' title="bbox 191 3153 2113 3226; baseline 0.002 -21"><span class='ocrx_word' id='word_1_222' title='bbox 191 3156 416 3210; x_wconf 66' lang='lat' dir='ltr'><strong>tmoerim:</strong></span> <span class='ocrx_word' id='word_1_223' title='bbox 465 3156 707 3210; x_wconf 88' lang='lat' dir='ltr'><strong>nimium</strong></span> <span class='ocrx_word' id='word_1_224' title='bbox 741 3155 936 3210; x_wconf 88' lang='lat' dir='ltr'><strong>bibere</strong></span> <span class='ocrx_word' id='word_1_225' title='bbox 974 3159 1264 3226; x_wconf 81' lang='lat' dir='ltr'><strong>coguntur.</strong></span> <span class='ocrx_word' id='word_1_226' title='bbox 1339 3154 1609 3225; x_wconf 86' lang='lat' dir='ltr'><strong>Alioquin</strong></span> <span class='ocrx_word' id='word_1_227' title='bbox 1645 3158 1918 3224; x_wconf 87' lang='lat' dir='ltr'><strong>quantum</strong></span> <span class='ocrx_word' id='word_1_228' title='bbox 1955 3153 2113 3221; x_wconf 84' lang='lat' dir='ltr'><strong>libet,</strong></span> 
     </span>
    </p>

    <p class='ocr_par' dir='ltr' id='par_1_15' title="bbox 186 3225 2185 3578">
     <span class='ocr_line' id='line_1_33' title="bbox 193 3225 2115 3293; baseline -0.001 -13"><span class='ocrx_word' id='word_1_229' title='bbox 193 3226 218 3274; x_wconf 74' lang='lat'><em>8</em></span> <span class='ocrx_word' id='word_1_230' title='bbox 254 3227 452 3293; x_wconf 73' lang='lat' dir='ltr'><strong>gratim</strong></span> <span class='ocrx_word' id='word_1_231' title='bbox 499 3230 555 3282; x_wconf 88' lang='grc' dir='ltr'>Γ</span> <span class='ocrx_word' id='word_1_232' title='bbox 666 3226 879 3281; x_wconf 83' lang='lat' dir='ltr'><strong>oratius</strong></span> <span class='ocrx_word' id='word_1_233' title='bbox 920 3227 972 3280; x_wconf 87' lang='lat' dir='ltr'><em>V</em></span> <span class='ocrx_word' id='word_1_234' title='bbox 1017 3225 1270 3281; x_wconf 85' lang='lat' dir='ltr'><strong>horatius</strong></span> <span class='ocrx_word' id='word_1_235' title='bbox 1317 3226 1459 3281; x_wconf 88' lang='lat' dir='ltr'><strong>dicit</strong></span> <span class='ocrx_word' id='word_1_236' title='bbox 1494 3231 1564 3291; x_wconf 81' lang='grc' dir='ltr'><strong>οζ</strong></span> <span class='ocrx_word' id='word_1_237' title='bbox 1612 3227 1759 3293; x_wconf 67' lang='lat' dir='ltr'><strong>edit„</strong></span> <span class='ocrx_word' id='word_1_238' title='bbox 1812 3228 1845 3281; x_wconf 83' lang='lat' dir='ltr'><strong>b</strong></span> <span class='ocrx_word' id='word_1_239' title='bbox 1883 3227 2115 3280; x_wconf 69' lang='lat' dir='ltr'><strong>euanuit</strong></span> 
     </span>
     <span class='ocr_line' id='line_1_34' title="bbox 190 3295 2185 3370; baseline 0.002 -23"><span class='ocrx_word' id='word_1_240' title='bbox 190 3295 294 3360; x_wconf 82' lang='lat' dir='ltr'><strong>quis</strong></span> <span class='ocrx_word' id='word_1_241' title='bbox 329 3299 437 3370; x_wconf 66' lang='grc' dir='ltr'><strong>ΓΙ]</strong></span> <span class='ocrx_word' id='word_1_242' title='bbox 466 3316 568 3353; x_wconf 88' lang='lat' dir='ltr'><strong>om.</strong></span> <span class='ocrx_word' id='word_1_243' title='bbox 629 3302 699 3363; x_wconf 78' lang='grc' dir='ltr'><strong>οζ</strong></span> <span class='ocrx_word' id='word_1_244' title='bbox 861 3304 893 3351; x_wconf 82' lang='grc'><strong>6</strong></span> <span class='ocrx_word' id='word_1_245' title='bbox 931 3297 992 3351; x_wconf 93' lang='lat' dir='ltr'><strong>in</strong></span> <span class='ocrx_word' id='word_1_246' title='bbox 1053 3315 1154 3353; x_wconf 86' lang='lat' dir='ltr'><strong>om.</strong></span> <span class='ocrx_word' id='word_1_247' title='bbox 1183 3299 1220 3365; x_wconf 80' lang='lat' dir='ltr'><em>f</em></span> <span class='ocrx_word' id='word_1_248' title='bbox 1245 3299 1340 3353; x_wconf 78' lang='lat' dir='ltr'><strong>aed</strong></span> <span class='ocrx_word' id='word_1_249' title='bbox 1374 3298 1505 3353; x_wconf 79' lang='lat' dir='ltr'><strong>uide</strong></span> <span class='ocrx_word' id='word_1_250' title='bbox 1543 3298 1615 3351; x_wconf 89' lang='lat' dir='ltr'><strong>K.</strong></span> <span class='ocrx_word' id='word_1_251' title='bbox 1652 3314 1878 3367; x_wconf 64' lang='lat' dir='ltr'><strong>gramm.</strong></span> <span class='ocrx_word' id='word_1_252' title='bbox 1917 3297 2185 3363; x_wconf 73' lang='lat' dir='ltr'><strong>Aufso‘itze</strong></span> 
     </span>
     <span class='ocr_line' id='line_1_35' title="bbox 186 3367 2164 3440; baseline 0.001 -19"><span class='ocrx_word' id='word_1_253' title='bbox 186 3380 231 3431; x_wconf 81' lang='lat' dir='ltr'><strong>p.</strong></span> <span class='ocrx_word' id='word_1_254' title='bbox 256 3372 344 3421; x_wconf 79' lang='lat'><strong>347</strong></span> <span class='ocrx_word' id='word_1_255' title='bbox 506 3369 728 3440; x_wconf 72' lang='lat' dir='ltr'><strong>ogi-ati</strong></span> <span class='ocrx_word' id='word_1_256' title='bbox 764 3369 980 3424; x_wconf 80' lang='lat' dir='ltr'><strong>caesari</strong></span> <span class='ocrx_word' id='word_1_257' title='bbox 1042 3386 1143 3424; x_wconf 83' lang='lat' dir='ltr'><strong>om.</strong></span> <span class='ocrx_word' id='word_1_258' title='bbox 1172 3373 1243 3433; x_wconf 78' lang='grc' dir='ltr'><strong>οζ</strong></span> <span class='ocrx_word' id='word_1_259' title='bbox 1394 3376 1462 3423; x_wconf 84' lang='lat'><strong>14</strong></span> <span class='ocrx_word' id='word_1_260' title='bbox 1496 3368 1675 3423; x_wconf 87' lang='lat' dir='ltr'><strong>trahit</strong></span> <span class='ocrx_word' id='word_1_261' title='bbox 1710 3368 1830 3421; x_wconf 79' lang='lat' dir='ltr'><strong>PV</strong></span> <span class='ocrx_word' id='word_1_262' title='bbox 1860 3367 2052 3422; x_wconf 87' lang='lat' dir='ltr'><strong>trahat</strong></span> <span class='ocrx_word' id='word_1_263' title='bbox 2086 3369 2164 3434; x_wconf 83' lang='lat' dir='ltr'><em>f</em></span> 
     </span>
     <span class='ocr_line' id='line_1_36' title="bbox 194 3438 2181 3511; baseline 0.003 -23"><span class='ocrx_word' id='word_1_264' title='bbox 194 3441 244 3488; x_wconf 77' lang='lat'><strong>19</strong></span> <span class='ocrx_word' id='word_1_265' title='bbox 277 3439 459 3494; x_wconf 83' lang='lat' dir='ltr'><strong>dicunt</strong></span> <span class='ocrx_word' id='word_1_266' title='bbox 485 3447 616 3511; x_wconf 70' lang='lat' dir='ltr'><strong>post</strong></span> <span class='ocrx_word' id='word_1_267' title='bbox 651 3440 876 3495; x_wconf 83' lang='lat' dir='ltr'><strong>honest·</strong></span> <span class='ocrx_word' id='word_1_268' title='bbox 906 3456 1039 3510; x_wconf 76' lang='lat' dir='ltr'><strong>pon</strong></span> <span class='ocrx_word' id='word_1_269' title='bbox 1070 3445 1139 3504; x_wconf 70' lang='lat' dir='ltr'><strong>cg</strong></span> <span class='ocrx_word' id='word_1_270' title='bbox 1316 3445 1383 3493; x_wconf 83' lang='lat'><strong>25</strong></span> <span class='ocrx_word' id='word_1_271' title='bbox 1421 3439 1543 3493; x_wconf 88' lang='lat' dir='ltr'><strong>fieri</strong></span> <span class='ocrx_word' id='word_1_272' title='bbox 1579 3439 1702 3492; x_wconf 82' lang='lat' dir='ltr'><strong>diu.</strong></span> <span class='ocrx_word' id='word_1_273' title='bbox 1746 3442 1798 3492; x_wconf 91' lang='grc' dir='ltr'><em>Γ</em></span> <span class='ocrx_word' id='word_1_274' title='bbox 1953 3444 2019 3493; x_wconf 85' lang='grc'><strong>26</strong></span> <span class='ocrx_word' id='word_1_275' title='bbox 2058 3438 2181 3493; x_wconf 85' lang='lat' dir='ltr'><strong>diu:</strong></span> 
     </span>
     <span class='ocr_line' id='line_1_37' title="bbox 192 3506 2109 3580; baseline 0 -15"><span class='ocrx_word' id='word_1_276' title='bbox 192 3506 287 3561; x_wconf 73' lang='lat' dir='ltr'><strong>fieri</strong></span> <span class='ocrx_word' id='word_1_277' title='bbox 318 3512 390 3577; x_wconf 81' lang='lat' dir='ltr'><strong>bf</strong></span> <span class='ocrx_word' id='word_1_278' title='bbox 525 3518 591 3566; x_wconf 78' lang='lat'><strong>27</strong></span> <span class='ocrx_word' id='word_1_279' title='bbox 632 3512 810 3580; x_wconf 78' lang='grc' dir='ltr'><strong>αὐταρ</strong></span> <span class='ocrx_word' id='word_1_280' title='bbox 812 3508 941 3566; x_wconf 67' lang='lat' dir='ltr'><strong>usia</strong></span> <span class='ocrx_word' id='word_1_281' title='bbox 981 3554 991 3564; x_wconf 91' lang='lat'><strong>.</strong></span> <span class='ocrx_word' id='word_1_282' title='bbox 1025 3553 1035 3563; x_wconf 93' lang='lat'><strong>.</strong></span> <span class='ocrx_word' id='word_1_283' title='bbox 1069 3553 1079 3563; x_wconf 93' lang='lat'><strong>.</strong></span> <span class='ocrx_word' id='word_1_284' title='bbox 1120 3510 1463 3579; x_wconf 77' lang='grc' dir='ltr'>αὐτάρκειαν</span> <span class='ocrx_word' id='word_1_285' title='bbox 1500 3552 1515 3565; x_wconf 88' lang='grc'><strong>.</strong></span> <span class='ocrx_word' id='word_1_286' title='bbox 1547 3553 1557 3563; x_wconf 94' lang='grc'><strong>.</strong></span> <span class='ocrx_word' id='word_1_287' title='bbox 1592 3553 1602 3565; x_wconf 94' lang='grc'><strong>.</strong></span> <span class='ocrx_word' id='word_1_288' title='bbox 1643 3509 1948 3578; x_wconf 76' lang='grc' dir='ltr'>αὐτάρκεια</span> <span class='ocrx_word' id='word_1_289' title='bbox 1983 3511 2109 3565; x_wconf 74' lang='lat' dir='ltr'><strong>edit.</strong></span> 
     </span>
    </p>

    <p class='ocr_par' dir='ltr' id='par_1_16' title="bbox 194 3566 1688 3638">
     <span class='ocr_line' id='line_1_38' title="bbox 194 3566 1688 3638; baseline 0.005 -9"><span class='ocrx_word' id='word_1_290' title='bbox 194 3582 246 3631; x_wconf 68' lang='grc' dir='ltr'><strong>ιε</strong></span> <span class='ocrx_word' id='word_1_291' title='bbox 277 3582 482 3638; x_wconf 85' lang='lat' dir='ltr'><strong>INDE</strong></span> <span class='ocrx_word' id='word_1_292' title='bbox 516 3583 630 3637; x_wconf 79' lang='lat' dir='ltr'><strong>AB</strong></span> <span class='ocrx_word' id='word_1_293' title='bbox 670 3582 833 3638; x_wconf 81' lang='lat' dir='ltr'><strong>Hoc</strong></span> <span class='ocrx_word' id='word_1_294' title='bbox 876 3566 934 3638; x_wconf 68' lang='lat' dir='ltr'><strong>V.</strong></span> <span class='ocrx_word' id='word_1_295' title='bbox 975 3582 1322 3637; x_wconf 80' lang='lat' dir='ltr'><strong><em>DEFICIT</em></strong></span> <span class='ocrx_word' id='word_1_296' title='bbox 1355 3581 1625 3637; x_wconf 80' lang='lat' dir='ltr'><strong><em>SOHOL</em></strong></span> <span class='ocrx_word' id='word_1_297' title='bbox 1656 3583 1688 3637; x_wconf 79' lang='lat' dir='ltr'><strong>b</strong></span> 
     </span>
    </p>
   </div>
  </div>
 </body>
</html>
