2602 4013
1039 228 1249 284 SERM.
1272 228 1300 283 1
1331 234 1397 284 10
2103 228 2226 294 107

376 390 445 458 9.
497 396 535 474 ἓ
553 398 664 458 Est
700 398 1003 457 breuitate
1031 416 1082 456 o.
1113 390 1180 478 (v
1191 388 1277 477 ζ)]
1345 397 1655 458 Sententia
1690 399 1815 474 illa,
1854 416 2007 474 quae
2044 400 2229 458 risum

193 490 424 562 mouet,
472 485 649 546 debet
693 505 820 547 esse
866 487 988 546 cita
1033 489 1094 545 et
1138 487 1473 546 manifesta.
1565 487 1788 546 Aliter:
1834 504 2064 546 sensus:
2110 506 2230 546 non

193 577 395 636 solum
439 578 505 634 in
553 595 622 635 eo
670 579 779 651 est,
825 578 894 634 ut
937 594 1133 651 pauca
1178 576 1430 652 copiose,
1477 575 1578 635 sed
1625 579 1697 634 ut
1739 576 2004 635 breuiter
2039 574 2231 635 multa

190 665 495 725 dicantur.
589 664 688 724 Sic
745 667 807 724 et
853 663 1001 724 Cato
1057 683 1094 723 a
1140 662 1430 724 Sallustio
1485 664 1770 723 laudatur
1825 656 1978 745 (hist.
2016 667 2228 738 fraym.

191 754 222 813 1
268 757 309 813 4
349 745 510 835 M),
593 753 754 829 quod
822 753 1018 812 multa
1079 756 1284 829 paucis
1351 752 1675 813 absoluerit
1740 745 1917 835 (cons.
1972 748 2229 833 Pomm).
2303 761 2335 810 5

189 843 419 902 Aliter:
468 844 769 902 sententia
813 861 934 901 non
979 841 1154 901 debet
1198 860 1323 901 esse
1359 843 1664 918 prolixior,
1696 851 1782 902 ‘ne
1822 858 1991 901 aures
2027 844 2232 901 oneret

190 933 495 992 auditoris
544 935 607 991 et
650 949 767 991 non
813 931 1199 1008 intellegatur
1246 923 1351 1013 (P'
1359 933 1398 1004 f
1397 931 1454 989 L
1467 931 1590 1003 ch'

372 1019 489 1079 *Si
544 1021 642 1079 uis
695 1020 1027 1096 perfectum
1082 1036 1228 1096 opus
1283 1019 1505 1096 facere,
1567 1020 1865 1079 breuitate
1920 1036 2070 1095 opus
2126 1020 2232 1093 est,

193 1112 264 1169 ut
310 1111 438 1169 cito
488 1110 790 1168 sententia
833 1108 1079 1167 finiatur
1124 1100 1315 1187 (Γόζ

377 1190 503 1259 ll.
578 1197 703 1256 *Et
764 1216 1030 1257 sermone
1085 1215 1235 1273 opus
1290 1200 1382 1256 est
1435 1197 1609 1256 modo
1663 1197 1855 1272 tristi,
1918 1214 2092 1273 saepe
2146 1197 2230 1256 io·
2270 1203 2338 1253 10

192 1307 327 1346 coso
372 1279 494 1368 (ζ)]
570 1285 736 1345 Idest
771 1304 921 1362 opus
959 1288 1050 1345 est
1086 1304 1352 1346 sermone
1391 1287 1463 1361 ei,
1509 1288 1617 1362 qui
1652 1287 1811 1346 iocos
1849 1286 2010 1361 dicit,
2056 1284 2231 1344 modo

192 1376 555 1436 defendente
601 1377 793 1434 uicem
830 1377 1102 1451 oratoris,
1148 1373 1323 1434 modo
1360 1378 1590 1451 poetae,
1633 1373 1809 1434 modo
1845 1375 2062 1434 urbani
2097 1393 2231 1450 par·

192 1466 384 1526 centis
443 1463 680 1523 uiribus
735 1465 874 1524 suis.
965 1464 1023 1522 N
1026 1483 1123 1522 am
1178 1482 1316 1522 cum
1369 1464 1603 1523 inducis
1657 1464 1999 1540 loquentem
2052 1463 2231 1522 rusti-

193 1574 357 1629 cum,
416 1573 545 1613 non
600 1552 774 1612 debes
829 1552 996 1628 loqui
1046 1571 1157 1627 pro
1212 1553 1452 1630 ingenio
1506 1556 1662 1628 tu0,'
1694 1552 1797 1612 sed
1840 1570 1949 1628 pro
1994 1550 2232 1631 ingenio

194 1645 414 1703 rustici
460 1635 689 1723 (P'fcg'
2272 1646 2337 1695 15

381 1723 503 1793 13.
590 1729 628 1805 ἓ
648 1729 954 1789 Interdum
1000 1749 1058 1787 u.
1097 1721 1156 1811 (c
1166 1723 1254 1811 ζ)]
1344 1729 1651 1788 Interdum
1706 1729 1924 1788 urbani
1976 1729 2232 1788 hominis

193 1840 470 1880 sermone
529 1838 680 1896 opus
739 1821 856 1893 est,
920 1820 1050 1895 qui,
1111 1821 1184 1876 ut
1230 1819 1521 1878 delicatus
1565 1818 1864 1894 uideatur,
1930 1820 2126 1878 minus
2172 1837 2232 1877 se

193 1909 468 1969 omndit
533 1909 756 1983 facere,
821 1927 1003 1983 quam
1066 1909 1282 1983 possit,
1348 1907 1450 1967 sed
1513 1925 1630 1965 non
1697 1909 1801 1983 qui
1862 1909 1926 1964 in
1984 1907 2231 1967 dicendo

196 1998 434 2058 uiribus
492 2000 731 2075 parcat,
789 1996 891 2056 sed
946 1998 1052 2073 qui
1098 1995 1323 2074 alioqui
1368 1997 1623 2056 minores
1668 1997 1825 2056 uires
1871 1996 2234 2055 demonstret

226 2083 303 2146 Γ’
313 2090 354 2161 f
366 2088 498 2158 ch
2271 2090 2339 2139 2ο

198 2080 226 2169 (
384 2168 506 2235 14.
560 2167 674 2236 15.
723 2173 762 2251 ἓ
782 2175 1122 2235 Ridiculum
1162 2166 1362 2255 (νσζ)]
1439 2168 1709 2253 S<a>epe
1755 2174 2014 2233 ioculare
2051 2175 2232 2233 male-

201 2266 434 2325 dictum
490 2266 738 2342 grauius
792 2264 1101 2338 uulnerat,
1166 2281 1348 2339 quam
1391 2281 1485 2322 res
1533 2279 1769 2339 aspera,
1830 2263 1986 2322 idest
2031 2265 2234 2339 satyra

232 2350 315 2413 1²¹
347 2353 448 2414 Vc
466 2354 502 2425 ζ

202 2347 230 2436 (
381 2442 605 2502 *Iocus
661 2460 836 2516 saepe
896 2442 1031 2517 plus
1077 2444 1282 2501 mouet
1325 2441 1653 2515 hominem,
1716 2457 1897 2516 quam
1940 2459 2033 2500 res
2082 2442 2232 2499 acris

231 2529 315 2590 Γ’
335 2533 371 2590 b
392 2532 459 2589 E
473 2531 557 2602 σζ
2271 2534 2338 2583 25

201 2525 228 2611 (
381 2618 815 2695 *Pla-umque,
877 2619 1100 2695 inquit,
1164 2622 1415 2677 uenuste
1471 2621 1531 2677 et
1584 2618 1836 2676 ridicule
1891 2616 2053 2676 dicta
2097 2619 2233 2693 plus

201 2708 507 2784 mordent,
567 2727 749 2784 quam
803 2726 955 2783 quae
1013 2708 1228 2766 acriter
1283 2710 1344 2765 et
1397 2704 1772 2766 turbulenter
1814 2707 2052 2783 prolata
2097 2709 2236 2765 sunt

232 2800 289 2856 Γ
299 2794 317 2815 ’
334 2801 417 2871 fc
435 2798 470 2868 ζ

202 2791 229 2878 (
392 2878 510 2946 16.
576 2884 723 2943 *Illi
767 2876 970 2967 (νοζ)]
1051 2883 1213 2943 Idest
1260 2885 1495 2960 antiqui
1540 2883 2057 2962 comoediographi
2101 2883 2234 2942 ideo

204 2976 588 3053 placuerunt,
618 2969 847 3051 qui<a>
865 2972 1279 3049 temperabant
1306 2972 1540 3031 fabulas
1570 2987 1705 3031 suas
1733 2975 1930 3033 iocoso
1960 2976 2020 3032 et
2045 2974 2235 3045 tristi,
2273 2977 2341 3026 30

204 3069 265 3124 et
326 3066 397 3123 hi
460 3062 642 3122 modo
704 3066 903 3139 partes
966 3062 1222 3121 rhetoris
1287 3061 1715 3138 sequebantur,
1788 3061 1962 3121 modo
2025 3063 2235 3137 poetae

202 3147 470 3232 (r'fog

386 3399 419 3447 3
449 3392 487 3447 i.
513 3408 559 3446 e.
582 3392 656 3463 e.]
687 3407 751 3445 eo
780 3392 867 3445 est
893 3407 1034 3459 opus
1054 3394 1123 3454 cg·
1261 3397 1295 3443 4
1317 3389 1447 3444 sall:
1476 3410 1510 3443 ν
1530 3390 1758 3459 Porph]
1788 3388 2022 3442 salustio
2049 3394 2165 3443 cett.

213 3473 270 3519 11
312 3466 394 3536 ei]
434 3466 496 3519 et
532 3467 604 3527 οζ
757 3468 821 3516 16
860 3461 1061 3516 urbani
1096 3461 1381 3515 interdum
1421 3463 1481 3527 V,
1518 3478 1632 3515 ηοω
1666 3466 1782 3515 cett.
1940 3465 2003 3513 19
2042 3462 2239 3529 parcat

209 3567 271 3577 -
300 3534 681 3615 demonstret]
722 3550 824 3602 per
865 3534 1257 3604 ‘neglegentiam
1301 3549 1403 3587 om.
1442 3536 1474 3596 ζ
1698 3530 1935 3601 alioqui]
1982 3529 2160 3601 aliqui
2205 3551 2239 3585 ν

208 3607 462 3678 alioquin
499 3607 537 3673 f
568 3604 669 3659 aln
707 3605 805 3674 qui
841 3621 870 3659 c
1014 3609 1081 3657 22
1119 3605 1312 3672 satyra
1347 3602 1568 3672 ercg]
1607 3603 1781 3657 satira
1817 3622 1850 3671 γ
1964 3613 1968 3618 ·
