<?xml version="1.0" encoding="UTF-8"?>
<!DOCTYPE html PUBLIC "-//W3C//DTD XHTML 1.0 Transitional//EN"
    "http://www.w3.org/TR/xhtml1/DTD/xhtml1-transitional.dtd">
<html xmlns="http://www.w3.org/1999/xhtml" xml:lang="en" lang="en">
 <head>
  <title>
</title>
<meta http-equiv="Content-Type" content="text/html;charset=utf-8" />
  <meta name='ocr-system' content='tesseract 3.04.00' />
  <meta name='ocr-capabilities' content='ocr_page ocr_carea ocr_par ocr_line ocrx_word'/>
</head>
<body>
  <div class='ocr_page' id='page_1' title='image "./pseudacronissch03kellgoog_0446.png"; bbox 0 0 2602 4013; ppageno 0'>
   <div class='ocr_carea' id='block_1_1' title="bbox 763 1156 2130 1239">
    <p class='ocr_par' dir='ltr' id='par_1_1' title="bbox 763 1156 2130 1239">
     <span class='ocr_line' id='line_1_1' title="bbox 763 1156 2130 1239; baseline -0.002 0"><span class='ocrx_word' id='word_1_1' title='bbox 763 1156 1581 1239; x_wconf 81' lang='lat' dir='ltr'>EPISTVLARVM</span> <span class='ocrx_word' id='word_1_2' title='bbox 1626 1156 1973 1238; x_wconf 86' lang='lat' dir='ltr'>LIBER</span> <span class='ocrx_word' id='word_1_3' title='bbox 2018 1156 2130 1237; x_wconf 90' lang='lat' dir='ltr'>H.</span> 
     </span>
    </p>
   </div>
   <div class='ocr_carea' id='block_1_2' title="bbox 1280 1354 1602 1414">
    <p class='ocr_par' dir='ltr' id='par_1_2' title="bbox 1280 1354 1602 1414">
     <span class='ocr_line' id='line_1_2' title="bbox 1280 1354 1602 1414; baseline 0.003 -1"><span class='ocrx_word' id='word_1_4' title='bbox 1280 1354 1528 1413; x_wconf 84' lang='lat' dir='ltr'><strong>EPIST.</strong></span> <span class='ocrx_word' id='word_1_5' title='bbox 1570 1359 1602 1414; x_wconf 93' lang='lat'>1</span> 
     </span>
    </p>
   </div>
   <div class='ocr_carea' id='block_1_3' title="bbox 328 1489 2453 3085">
    <p class='ocr_par' dir='ltr' id='par_1_3' title="bbox 328 1489 2453 3085">
     <span class='ocr_line' id='line_1_3' title="bbox 618 1489 2450 1574; baseline -0.001 -19"><span class='ocrx_word' id='word_1_6' title='bbox 618 1489 682 1558; x_wconf 92' lang='grc'>1.</span> <span class='ocrx_word' id='word_1_7' title='bbox 732 1497 1006 1574; x_wconf 86' lang='lat' dir='ltr'>Augusto</span> <span class='ocrx_word' id='word_1_8' title='bbox 1053 1497 1300 1573; x_wconf 89' lang='lat' dir='ltr'>petenti,</span> <span class='ocrx_word' id='word_1_9' title='bbox 1344 1501 1416 1556; x_wconf 88' lang='lat' dir='ltr'>ut</span> <span class='ocrx_word' id='word_1_10' title='bbox 1461 1496 1693 1572; x_wconf 86' lang='lat' dir='ltr'>aliquid</span> <span class='ocrx_word' id='word_1_11' title='bbox 1738 1497 1856 1556; x_wconf 90' lang='lat' dir='ltr'>sibi</span> <span class='ocrx_word' id='word_1_12' title='bbox 1902 1499 2096 1572; x_wconf 89' lang='lat' dir='ltr'>operis</span> <span class='ocrx_word' id='word_1_13' title='bbox 2143 1496 2450 1567; x_wconf 75' lang='lat' dir='ltr'>dedicaret,</span> 
     </span>
     <span class='ocr_line' id='line_1_4' title="bbox 432 1585 2453 1662; baseline -0.001 -18"><span class='ocrx_word' id='word_1_14' title='bbox 432 1586 638 1645; x_wconf 78' lang='lat' dir='ltr'><strong>scribit</strong></span> <span class='ocrx_word' id='word_1_15' title='bbox 669 1586 954 1645; x_wconf 87' lang='lat' dir='ltr'>Horatius</span> <span class='ocrx_word' id='word_1_16' title='bbox 999 1586 1133 1646; x_wconf 85' lang='lat' dir='ltr'>ideo</span> <span class='ocrx_word' id='word_1_17' title='bbox 1172 1604 1232 1645; x_wconf 91' lang='lat' dir='ltr'>se</span> <span class='ocrx_word' id='word_1_18' title='bbox 1267 1585 1386 1645; x_wconf 90' lang='lat' dir='ltr'>huc</span> <span class='ocrx_word' id='word_1_19' title='bbox 1422 1604 1609 1662; x_wconf 91' lang='lat' dir='ltr'>usque</span> <span class='ocrx_word' id='word_1_20' title='bbox 1643 1604 1765 1643; x_wconf 92' lang='lat' dir='ltr'>non</span> <span class='ocrx_word' id='word_1_21' title='bbox 1793 1586 2018 1659; x_wconf 86' lang='lat' dir='ltr'>fecisse,</span> <span class='ocrx_word' id='word_1_22' title='bbox 2064 1605 2140 1644; x_wconf 93' lang='lat' dir='ltr'>ne</span> <span class='ocrx_word' id='word_1_23' title='bbox 2168 1586 2453 1644; x_wconf 84' lang='lat' dir='ltr'>iacturam</span> 
     </span>
     <span class='ocr_line' id='line_1_5' title="bbox 363 1672 2452 1751; baseline -0.002 -16"><span class='ocrx_word' id='word_1_24' title='bbox 363 1688 394 1735; x_wconf 84' lang='lat'>5</span> <span class='ocrx_word' id='word_1_25' title='bbox 430 1675 516 1733; x_wconf 89' lang='lat' dir='ltr'>rei</span> <span class='ocrx_word' id='word_1_26' title='bbox 561 1675 835 1751; x_wconf 88' lang='lat' dir='ltr'>publicae</span> <span class='ocrx_word' id='word_1_27' title='bbox 873 1676 1112 1749; x_wconf 86' lang='lat' dir='ltr'>faceret,</span> <span class='ocrx_word' id='word_1_28' title='bbox 1158 1675 1211 1732; x_wconf 89' lang='lat' dir='ltr'>si</span> <span class='ocrx_word' id='word_1_29' title='bbox 1247 1675 1515 1734; x_wconf 90' lang='lat' dir='ltr'>uersibus</span> <span class='ocrx_word' id='word_1_30' title='bbox 1554 1676 1675 1734; x_wconf 90' lang='lat' dir='ltr'>suis</span> <span class='ocrx_word' id='word_1_31' title='bbox 1709 1672 2021 1733; x_wconf 83' lang='lat' dir='ltr'>Caesarem</span> <span class='ocrx_word' id='word_1_32' title='bbox 2059 1693 2095 1732; x_wconf 92' lang='lat' dir='ltr'>a</span> <span class='ocrx_word' id='word_1_33' title='bbox 2133 1694 2196 1733; x_wconf 85' lang='lat' dir='ltr'>re</span> <span class='ocrx_word' id='word_1_34' title='bbox 2223 1673 2452 1749; x_wconf 84' lang='lat' dir='ltr'>publica</span> 
     </span>
     <span class='ocr_line' id='line_1_6' title="bbox 433 1763 2450 1839; baseline -0.002 -17"><span class='ocrx_word' id='word_1_35' title='bbox 433 1767 754 1825; x_wconf 63' lang='lat' dir='ltr'>semcaret.</span> <span class='ocrx_word' id='word_1_36' title='bbox 845 1763 1072 1823; x_wconf 85' lang='lat' dir='ltr'>Deinde</span> <span class='ocrx_word' id='word_1_37' title='bbox 1125 1764 1422 1839; x_wconf 83' lang='lat' dir='ltr'>paulatim</span> <span class='ocrx_word' id='word_1_38' title='bbox 1467 1764 1543 1822; x_wconf 86' lang='lat' dir='ltr'>ad</span> <span class='ocrx_word' id='word_1_39' title='bbox 1587 1764 1701 1822; x_wconf 89' lang='lat' dir='ltr'>hoc</span> <span class='ocrx_word' id='word_1_40' title='bbox 1745 1763 2076 1838; x_wconf 88' lang='lat' dir='ltr'>descendit,</span> <span class='ocrx_word' id='word_1_41' title='bbox 2138 1767 2211 1822; x_wconf 89' lang='lat' dir='ltr'>ut</span> <span class='ocrx_word' id='word_1_42' title='bbox 2254 1763 2327 1820; x_wconf 86' lang='lat' dir='ltr'>de</span> <span class='ocrx_word' id='word_1_43' title='bbox 2370 1763 2450 1818; x_wconf 91' lang='lat' dir='ltr'>iu·</span> 
     </span>
     <span class='ocr_line' id='line_1_7' title="bbox 432 1851 2450 1928; baseline -0.001 -17"><span class='ocrx_word' id='word_1_44' title='bbox 432 1853 586 1913; x_wconf 85' lang='lat' dir='ltr'>dicio</span> <span class='ocrx_word' id='word_1_45' title='bbox 649 1853 933 1928; x_wconf 89' lang='lat' dir='ltr'>temporis</span> <span class='ocrx_word' id='word_1_46' title='bbox 995 1856 1301 1928; x_wconf 82' lang='lat' dir='ltr'>queratur,</span> <span class='ocrx_word' id='word_1_47' title='bbox 1368 1872 1484 1928; x_wconf 91' lang='lat' dir='ltr'>quo</span> <span class='ocrx_word' id='word_1_48' title='bbox 1543 1855 1820 1928; x_wconf 88' lang='lat' dir='ltr'>antiquos</span> <span class='ocrx_word' id='word_1_49' title='bbox 1877 1854 2087 1928; x_wconf 88' lang='lat' dir='ltr'>poetas</span> <span class='ocrx_word' id='word_1_50' title='bbox 2146 1851 2450 1911; x_wconf 79' lang='lat' dir='ltr'><strong>laudamus</strong></span> 
     </span>
     <span class='ocr_line' id='line_1_8' title="bbox 429 1939 2448 2017; baseline -0.002 -17"><span class='ocrx_word' id='word_1_51' title='bbox 429 1944 642 2001; x_wconf 87' lang='lat' dir='ltr'>merito</span> <span class='ocrx_word' id='word_1_52' title='bbox 689 1942 1005 2001; x_wconf 89' lang='lat' dir='ltr'>uetustatis</span> <span class='ocrx_word' id='word_1_53' title='bbox 1018 1987 1033 2017; x_wconf 91' lang='lat'>,</span> <span class='ocrx_word' id='word_1_54' title='bbox 1087 1960 1273 2001; x_wconf 88' lang='lat' dir='ltr'>nouos</span> <span class='ocrx_word' id='word_1_55' title='bbox 1321 1941 1780 2017; x_wconf 80' lang='lat' dir='ltr'>contemnimuS,</span> <span class='ocrx_word' id='word_1_56' title='bbox 1830 1943 2012 2000; x_wconf 86' lang='lat' dir='ltr'>etiam</span> <span class='ocrx_word' id='word_1_57' title='bbox 2061 1940 2112 2000; x_wconf 88' lang='lat' dir='ltr'>si</span> <span class='ocrx_word' id='word_1_58' title='bbox 2160 1939 2448 2000; x_wconf 88' lang='lat' dir='ltr'>ueteribus</span> 
     </span>
     <span class='ocr_line' id='line_1_9' title="bbox 429 2023 1483 2112; baseline 0.001 -21"><span class='ocrx_word' id='word_1_59' title='bbox 429 2035 661 2107; x_wconf 75' lang='lat' dir='ltr'>possint</span> <span class='ocrx_word' id='word_1_60' title='bbox 706 2051 829 2092; x_wconf 89' lang='lat' dir='ltr'>esse</span> <span class='ocrx_word' id='word_1_61' title='bbox 876 2032 1148 2091; x_wconf 89' lang='lat' dir='ltr'>meliores</span> <span class='ocrx_word' id='word_1_62' title='bbox 1196 2023 1415 2112; x_wconf 79' lang='lat' dir='ltr'><strong><em>(Fabf</em></strong></span> <span class='ocrx_word' id='word_1_63' title='bbox 1428 2032 1483 2092; x_wconf 91' lang='lat' dir='ltr'><strong><em>V</em></strong></span> 
     </span>
     <span class='ocr_line' id='line_1_10' title="bbox 328 2115 2449 2195; baseline -0.002 -15"><span class='ocrx_word' id='word_1_64' title='bbox 328 2132 395 2180; x_wconf 92' lang='lat'>10</span> <span class='ocrx_word' id='word_1_65' title='bbox 607 2121 756 2180; x_wconf 83' lang='lat' dir='ltr'>Mire</span> <span class='ocrx_word' id='word_1_66' title='bbox 822 2115 1074 2194; x_wconf 80' lang='lat' dir='ltr'>‘solus&#39;3</span> <span class='ocrx_word' id='word_1_67' title='bbox 1149 2123 1397 2195; x_wconf 77' lang='lat' dir='ltr'>apparet</span> <span class='ocrx_word' id='word_1_68' title='bbox 1464 2122 1623 2179; x_wconf 91' lang='lat' dir='ltr'>enim</span> <span class='ocrx_word' id='word_1_69' title='bbox 1686 2119 1918 2178; x_wconf 87' lang='lat' dir='ltr'>deuicto</span> <span class='ocrx_word' id='word_1_70' title='bbox 1984 2120 2108 2178; x_wconf 88' lang='lat' dir='ltr'>iam</span> <span class='ocrx_word' id='word_1_71' title='bbox 2172 2117 2449 2190; x_wconf 85' lang='lat' dir='ltr'>Antonio,</span> 
     </span>
     <span class='ocr_line' id='line_1_11' title="bbox 434 2207 2447 2286; baseline -0.001 -19"><span class='ocrx_word' id='word_1_72' title='bbox 434 2214 665 2269; x_wconf 85' lang='lat' dir='ltr'>mortuo</span> <span class='ocrx_word' id='word_1_73' title='bbox 712 2209 956 2285; x_wconf 86' lang='lat' dir='ltr'>Lepid0,</span> <span class='ocrx_word' id='word_1_74' title='bbox 1004 2210 1106 2284; x_wconf 89' lang='lat' dir='ltr'>qui</span> <span class='ocrx_word' id='word_1_75' title='bbox 1151 2209 1454 2267; x_wconf 89' lang='lat' dir='ltr'>triumuiri</span> <span class='ocrx_word' id='word_1_76' title='bbox 1499 2227 1636 2268; x_wconf 90' lang='lat' dir='ltr'>cum</span> <span class='ocrx_word' id='word_1_77' title='bbox 1680 2208 1958 2286; x_wconf 82' lang='lat' dir='ltr'>Augusto</span> <span class='ocrx_word' id='word_1_78' title='bbox 2006 2209 2262 2282; x_wconf 82' lang='lat' dir='ltr'>fuerant,</span> <span class='ocrx_word' id='word_1_79' title='bbox 2307 2207 2447 2265; x_wconf 87' lang='lat' dir='ltr'>hanc</span> 
     </span>
     <span class='ocr_line' id='line_1_12' title="bbox 433 2290 1896 2379; baseline -0.001 -22"><span class='ocrx_word' id='word_1_80' title='bbox 433 2299 747 2373; x_wconf 81' lang='lat' dir='ltr'>epistolam</span> <span class='ocrx_word' id='word_1_81' title='bbox 795 2300 869 2357; x_wconf 82' lang='lat' dir='ltr'>ad</span> <span class='ocrx_word' id='word_1_82' title='bbox 916 2297 1225 2358; x_wconf 83' lang='lat' dir='ltr'>Gaesarem</span> <span class='ocrx_word' id='word_1_83' title='bbox 1275 2298 1560 2373; x_wconf 74' lang='lat' dir='ltr'>scriptam</span> <span class='ocrx_word' id='word_1_84' title='bbox 1606 2290 1828 2379; x_wconf 76' lang='lat' dir='ltr'>(Pabf</span> <span class='ocrx_word' id='word_1_85' title='bbox 1841 2299 1896 2356; x_wconf 91' lang='lat' dir='ltr'><strong><em>V</em></strong></span> 
     </span>
     <span class='ocr_line' id='line_1_13' title="bbox 615 2380 2451 2464; baseline -0.003 -19"><span class='ocrx_word' id='word_1_86' title='bbox 615 2380 679 2447; x_wconf 76' lang='lat'>2.</span> <span class='ocrx_word' id='word_1_87' title='bbox 727 2387 1031 2446; x_wconf 68' lang='lat' dir='ltr'>*Moribus</span> <span class='ocrx_word' id='word_1_88' title='bbox 1078 2389 1218 2461; x_wconf 85' lang='lat' dir='ltr'>suiS,</span> <span class='ocrx_word' id='word_1_89' title='bbox 1267 2390 1375 2445; x_wconf 90' lang='lat' dir='ltr'>aut</span> <span class='ocrx_word' id='word_1_90' title='bbox 1412 2406 1558 2462; x_wconf 90' lang='lat' dir='ltr'>quos</span> <span class='ocrx_word' id='word_1_91' title='bbox 1597 2387 1825 2445; x_wconf 91' lang='lat' dir='ltr'>ciuibus</span> <span class='ocrx_word' id='word_1_92' title='bbox 1862 2405 1972 2462; x_wconf 87' lang='lat' dir='ltr'>pro</span> <span class='ocrx_word' id='word_1_93' title='bbox 2010 2386 2146 2464; x_wconf 88' lang='lat' dir='ltr'>lege</span> <span class='ocrx_word' id='word_1_94' title='bbox 2185 2385 2451 2461; x_wconf 80' lang='lat' dir='ltr'>inposuit,</span> 
     </span>
     <span class='ocr_line' id='line_1_14' title="bbox 435 2471 1231 2557; baseline 0.001 -25"><span class='ocrx_word' id='word_1_95' title='bbox 435 2474 536 2533; x_wconf 86' lang='lat' dir='ltr'>sed</span> <span class='ocrx_word' id='word_1_96' title='bbox 581 2477 795 2534; x_wconf 89' lang='lat' dir='ltr'>melius</span> <span class='ocrx_word' id='word_1_97' title='bbox 842 2478 963 2535; x_wconf 88' lang='lat' dir='ltr'>suis</span> <span class='ocrx_word' id='word_1_98' title='bbox 1012 2471 1231 2557; x_wconf 76' lang='lat' dir='ltr'>(Foebf</span> 
     </span>
     <span class='ocr_line' id='line_1_15' title="bbox 334 2558 2451 2645; baseline -0.002 -22"><span class='ocrx_word' id='word_1_99' title='bbox 334 2575 400 2624; x_wconf 87' lang='lat'>15</span> <span class='ocrx_word' id='word_1_100' title='bbox 500 2639 518 2645; x_wconf 13' lang='grc' dir='ltr'>,ἢ</span> <span class='ocrx_word' id='word_1_101' title='bbox 620 2558 685 2624; x_wconf 78' lang='grc' dir='ltr'>ὅ.</span> <span class='ocrx_word' id='word_1_102' title='bbox 736 2563 981 2624; x_wconf 85' lang='lat' dir='ltr'>Sensus:</span> <span class='ocrx_word' id='word_1_103' title='bbox 1019 2565 1177 2624; x_wconf 85' lang='lat' dir='ltr'>tanti</span> <span class='ocrx_word' id='word_1_104' title='bbox 1211 2564 1350 2638; x_wconf 89' lang='lat' dir='ltr'>uiri,</span> <span class='ocrx_word' id='word_1_105' title='bbox 1387 2564 1542 2623; x_wconf 88' lang='lat' dir='ltr'>idest</span> <span class='ocrx_word' id='word_1_106' title='bbox 1580 2583 1726 2639; x_wconf 89' lang='lat' dir='ltr'>quos</span> <span class='ocrx_word' id='word_1_107' title='bbox 1766 2563 2132 2623; x_wconf 86' lang='lat' dir='ltr'>consecratio</span> <span class='ocrx_word' id='word_1_108' title='bbox 2170 2562 2451 2631; x_wconf 83' lang='lat' dir='ltr'>manebat,</span> 
     </span>
     <span class='ocr_line' id='line_1_16' title="bbox 440 2641 2450 2729; baseline -0.001 -19"><span class='ocrx_word' id='word_1_109' title='bbox 440 2641 732 2710; x_wconf 78' lang='lat' dir='ltr'>inuidiam</span> <span class='ocrx_word' id='word_1_110' title='bbox 765 2654 934 2712; x_wconf 81' lang='lat' dir='ltr'>inter</span> <span class='ocrx_word' id='word_1_111' title='bbox 980 2672 1117 2713; x_wconf 89' lang='lat' dir='ltr'>suos</span> <span class='ocrx_word' id='word_1_112' title='bbox 1162 2654 1326 2729; x_wconf 87' lang='lat' dir='ltr'>passi</span> <span class='ocrx_word' id='word_1_113' title='bbox 1372 2656 1530 2727; x_wconf 91' lang='lat' dir='ltr'>sunt,</span> <span class='ocrx_word' id='word_1_114' title='bbox 1579 2655 1804 2728; x_wconf 87' lang='lat' dir='ltr'>quanto</span> <span class='ocrx_word' id='word_1_115' title='bbox 1849 2655 1920 2711; x_wconf 91' lang='lat' dir='ltr'>tu</span> <span class='ocrx_word' id='word_1_116' title='bbox 1964 2654 2277 2729; x_wconf 88' lang='lat' dir='ltr'>maiorem,</span> <span class='ocrx_word' id='word_1_117' title='bbox 2331 2670 2450 2710; x_wconf 91' lang='lat' dir='ltr'>cum</span> 
     </span>
     <span class='ocr_line' id='line_1_17' title="bbox 439 2734 1844 2822; baseline 0.002 -23"><span class='ocrx_word' id='word_1_118' title='bbox 439 2742 736 2817; x_wconf 75' lang='lat' dir='ltr'>praesenti</span> <span class='ocrx_word' id='word_1_119' title='bbox 782 2742 894 2801; x_wconf 91' lang='lat' dir='ltr'>tibi</span> <span class='ocrx_word' id='word_1_120' title='bbox 940 2743 1229 2820; x_wconf 88' lang='lat' dir='ltr'>largimur</span> <span class='ocrx_word' id='word_1_121' title='bbox 1273 2743 1526 2801; x_wconf 88' lang='lat' dir='ltr'>honores</span> <span class='ocrx_word' id='word_1_122' title='bbox 1574 2734 1712 2822; x_wconf 86' lang='grc' dir='ltr'>(Γα</span> <span class='ocrx_word' id='word_1_123' title='bbox 1731 2743 1764 2800; x_wconf 89' lang='lat' dir='ltr'><strong><em>b</em></strong></span> <span class='ocrx_word' id='word_1_124' title='bbox 1789 2742 1844 2802; x_wconf 90' lang='lat' dir='ltr'><strong><em>V</em></strong></span> 
     </span>
     <span class='ocr_line' id='line_1_18' title="bbox 618 2828 2451 2907; baseline -0.004 -18"><span class='ocrx_word' id='word_1_125' title='bbox 618 2831 891 2890; x_wconf 84' lang='lat' dir='ltr'>Laudata</span> <span class='ocrx_word' id='word_1_126' title='bbox 946 2832 1171 2889; x_wconf 88' lang='lat' dir='ltr'>uirtute</span> <span class='ocrx_word' id='word_1_127' title='bbox 1220 2828 1486 2890; x_wconf 82' lang='lat' dir='ltr'>Caesaris</span> <span class='ocrx_word' id='word_1_128' title='bbox 1542 2830 1689 2888; x_wconf 88' lang='lat' dir='ltr'>dicit</span> <span class='ocrx_word' id='word_1_129' title='bbox 1735 2832 1791 2889; x_wconf 93' lang='lat' dir='ltr'>ei</span> <span class='ocrx_word' id='word_1_130' title='bbox 1837 2830 1950 2889; x_wconf 92' lang='lat' dir='ltr'>soli</span> <span class='ocrx_word' id='word_1_131' title='bbox 1997 2830 2340 2907; x_wconf 77' lang='lat' dir='ltr'>contigisse,</span> <span class='ocrx_word' id='word_1_132' title='bbox 2388 2828 2451 2883; x_wconf 90' lang='lat' dir='ltr'>ut</span> 
     </span>
     <span class='ocr_line' id='line_1_19' title="bbox 439 2916 2453 2980; baseline -0.003 -3"><span class='ocrx_word' id='word_1_133' title='bbox 439 2919 729 2980; x_wconf 78' lang='lat' dir='ltr'>inuidiam</span> <span class='ocrx_word' id='word_1_134' title='bbox 774 2923 954 2979; x_wconf 86' lang='lat' dir='ltr'>uiuus</span> <span class='ocrx_word' id='word_1_135' title='bbox 999 2922 1277 2979; x_wconf 89' lang='lat' dir='ltr'>uinceret.</span> <span class='ocrx_word' id='word_1_136' title='bbox 1371 2919 1453 2978; x_wconf 84' lang='lat' dir='ltr'>Et</span> <span class='ocrx_word' id='word_1_137' title='bbox 1499 2922 1590 2977; x_wconf 90' lang='lat' dir='ltr'>est</span> <span class='ocrx_word' id='word_1_138' title='bbox 1636 2918 1805 2977; x_wconf 83' lang='lat' dir='ltr'>ordo:</span> <span class='ocrx_word' id='word_1_139' title='bbox 1850 2919 2142 2979; x_wconf 88' lang='lat' dir='ltr'>Romulus</span> <span class='ocrx_word' id='word_1_140' title='bbox 2192 2922 2252 2978; x_wconf 88' lang='lat' dir='ltr'>et</span> <span class='ocrx_word' id='word_1_141' title='bbox 2293 2916 2453 2976; x_wconf 88' lang='lat' dir='ltr'>Liber</span> 
     </span>
     <span class='ocr_line' id='line_1_20' title="bbox 333 3008 2453 3085; baseline -0.003 -16"><span class='ocrx_word' id='word_1_142' title='bbox 333 3021 403 3069; x_wconf 82' lang='lat'>20</span> <span class='ocrx_word' id='word_1_143' title='bbox 442 3008 648 3084; x_wconf 86' lang='lat' dir='ltr'>Pater,</span> <span class='ocrx_word' id='word_1_144' title='bbox 712 3010 853 3068; x_wconf 87' lang='lat' dir='ltr'>dum</span> <span class='ocrx_word' id='word_1_145' title='bbox 916 3014 1106 3069; x_wconf 83' lang='lat' dir='ltr'>terras</span> <span class='ocrx_word' id='word_1_146' title='bbox 1169 3010 1593 3083; x_wconf 84' lang='lat' dir='ltr'>hominumque</span> <span class='ocrx_word' id='word_1_147' title='bbox 1659 3027 1843 3085; x_wconf 88' lang='lat' dir='ltr'>genus</span> <span class='ocrx_word' id='word_1_148' title='bbox 1901 3009 2105 3066; x_wconf 85' lang='lat' dir='ltr'>colunt</span> <span class='ocrx_word' id='word_1_149' title='bbox 2163 3011 2224 3066; x_wconf 90' lang='lat' dir='ltr'>et</span> <span class='ocrx_word' id='word_1_150' title='bbox 2277 3008 2453 3066; x_wconf 79' lang='lat' dir='ltr'>cetera</span> 
     </span>
    </p>
   </div>
   <div class='ocr_carea' id='block_1_4' title="bbox 440 3247 2453 3674">
    <p class='ocr_par' dir='ltr' id='par_1_4' title="bbox 440 3247 2453 3674">
     <span class='ocr_line' id='line_1_21' title="bbox 617 3247 2453 3322; baseline -0.003 -20"><span class='ocrx_word' id='word_1_151' title='bbox 617 3255 650 3302; x_wconf 86' lang='lat'><strong>4</strong></span> <span class='ocrx_word' id='word_1_152' title='bbox 688 3250 906 3322; x_wconf 88' lang='lat' dir='ltr'>scribit]</span> <span class='ocrx_word' id='word_1_153' title='bbox 945 3249 1173 3318; x_wconf 86' lang='lat' dir='ltr'>scripsit</span> <span class='ocrx_word' id='word_1_154' title='bbox 1209 3249 1263 3303; x_wconf 89' lang='lat' dir='ltr'><strong><em>V</em></strong></span> <span class='ocrx_word' id='word_1_155' title='bbox 1414 3249 1566 3320; x_wconf 85' lang='lat' dir='ltr'>ideo]</span> <span class='ocrx_word' id='word_1_156' title='bbox 1606 3248 1667 3302; x_wconf 83' lang='lat' dir='ltr'>id</span> <span class='ocrx_word' id='word_1_157' title='bbox 1704 3247 1833 3302; x_wconf 88' lang='lat' dir='ltr'>ideo</span> <span class='ocrx_word' id='word_1_158' title='bbox 1872 3249 2061 3318; x_wconf 79' lang='lat' dir='ltr'>Pauly</span> <span class='ocrx_word' id='word_1_159' title='bbox 2245 3254 2276 3302; x_wconf 89' lang='grc'><strong>6</strong></span> <span class='ocrx_word' id='word_1_160' title='bbox 2313 3260 2453 3300; x_wconf 80' lang='lat' dir='ltr'>seuc-</span> 
     </span>
     <span class='ocr_line' id='line_1_22' title="bbox 440 3315 2449 3392; baseline -0.003 -17"><span class='ocrx_word' id='word_1_161' title='bbox 440 3323 595 3375; x_wconf 87' lang='lat' dir='ltr'>caret</span> <span class='ocrx_word' id='word_1_162' title='bbox 630 3323 798 3392; x_wconf 59' lang='grc' dir='ltr'>ναν]</span> <span class='ocrx_word' id='word_1_163' title='bbox 837 3323 1126 3375; x_wconf 88' lang='lat' dir='ltr'>reuocaret</span> <span class='ocrx_word' id='word_1_164' title='bbox 1162 3321 1284 3390; x_wconf 75' lang='lat' dir='ltr'>ybs</span> <span class='ocrx_word' id='word_1_165' title='bbox 1420 3320 1624 3374; x_wconf 91' lang='lat' dir='ltr'>deinde</span> <span class='ocrx_word' id='word_1_166' title='bbox 1660 3319 1797 3388; x_wconf 88' lang='lat' dir='ltr'>paul</span> <span class='ocrx_word' id='word_1_167' title='bbox 1810 3320 1847 3390; x_wconf 69' lang='grc' dir='ltr'>ι]</span> <span class='ocrx_word' id='word_1_168' title='bbox 1887 3319 2175 3373; x_wconf 79' lang='lat' dir='ltr'>Paulatim</span> <span class='ocrx_word' id='word_1_169' title='bbox 2213 3322 2393 3373; x_wconf 88' lang='lat' dir='ltr'>autem</span> <span class='ocrx_word' id='word_1_170' title='bbox 2422 3315 2449 3368; x_wconf 86' lang='lat' dir='ltr'><strong><em>b</em></strong></span> 
     </span>
     <span class='ocr_line' id='line_1_23' title="bbox 441 3391 2449 3473; baseline -0.001 -28"><span class='ocrx_word' id='word_1_171' title='bbox 441 3392 725 3446; x_wconf 82' lang='lat' dir='ltr'>Paulatim</span> <span class='ocrx_word' id='word_1_172' title='bbox 766 3394 819 3447; x_wconf 88' lang='lat' dir='ltr'><strong><em>V</em></strong></span> <span class='ocrx_word' id='word_1_173' title='bbox 1003 3397 1034 3446; x_wconf 90' lang='lat'>8</span> <span class='ocrx_word' id='word_1_174' title='bbox 1073 3391 1491 3454; x_wconf 76' lang='lat' dir='ltr'>contemnimus</span> <span class='ocrx_word' id='word_1_175' title='bbox 1517 3409 1548 3446; x_wconf 86' lang='lat' dir='ltr'>r</span> <span class='ocrx_word' id='word_1_176' title='bbox 1568 3408 1658 3459; x_wconf 78' lang='lat' dir='ltr'>pr.</span> <span class='ocrx_word' id='word_1_177' title='bbox 1689 3391 1745 3473; x_wconf 77' lang='lat' dir='ltr'>y]</span> <span class='ocrx_word' id='word_1_178' title='bbox 1787 3391 2237 3460; x_wconf 87' lang='lat' dir='ltr'>contempnimus</span> <span class='ocrx_word' id='word_1_179' title='bbox 2273 3409 2304 3445; x_wconf 80' lang='lat' dir='ltr'>r</span> <span class='ocrx_word' id='word_1_180' title='bbox 2327 3403 2449 3444; x_wconf 79' lang='lat' dir='ltr'>corr-</span> 
     </span>
     <span class='ocr_line' id='line_1_24' title="bbox 441 3462 2453 3532; baseline -0.002 -16"><span class='ocrx_word' id='word_1_181' title='bbox 441 3464 568 3529; x_wconf 80' lang='lat' dir='ltr'>ocbf</span> <span class='ocrx_word' id='word_1_182' title='bbox 582 3464 635 3517; x_wconf 89' lang='lat' dir='ltr'><strong><em>V</em></strong></span> <span class='ocrx_word' id='word_1_183' title='bbox 772 3469 837 3517; x_wconf 85' lang='lat'>15</span> <span class='ocrx_word' id='word_1_184' title='bbox 876 3463 1024 3517; x_wconf 87' lang='lat' dir='ltr'>idest</span> <span class='ocrx_word' id='word_1_185' title='bbox 1061 3479 1199 3530; x_wconf 87' lang='lat' dir='ltr'>quos</span> <span class='ocrx_word' id='word_1_186' title='bbox 1238 3463 1339 3532; x_wconf 87' lang='lat' dir='ltr'>K.]</span> <span class='ocrx_word' id='word_1_187' title='bbox 1379 3462 1602 3530; x_wconf 86' lang='lat' dir='ltr'>iniquos</span> <span class='ocrx_word' id='word_1_188' title='bbox 1643 3464 1696 3517; x_wconf 90' lang='lat' dir='ltr'><strong><em>V</em></strong></span> <span class='ocrx_word' id='word_1_189' title='bbox 1723 3480 1783 3515; x_wconf 91' lang='lat' dir='ltr'>1n</span> <span class='ocrx_word' id='word_1_190' title='bbox 1820 3479 1959 3530; x_wconf 83' lang='lat' dir='ltr'>quos</span> <span class='ocrx_word' id='word_1_191' title='bbox 1997 3468 2112 3516; x_wconf 78' lang='lat' dir='ltr'>cett.</span> <span class='ocrx_word' id='word_1_192' title='bbox 2262 3466 2326 3514; x_wconf 90' lang='lat'>16</span> <span class='ocrx_word' id='word_1_193' title='bbox 2350 3473 2453 3512; x_wconf 81' lang='lat' dir='ltr'>ma-</span> 
     </span>
     <span class='ocr_line' id='line_1_25' title="bbox 443 3532 2394 3604; baseline -0.001 -19"><span class='ocrx_word' id='word_1_194' title='bbox 443 3534 619 3586; x_wconf 90' lang='lat' dir='ltr'>iorem</span> <span class='ocrx_word' id='word_1_195' title='bbox 639 3534 739 3603; x_wconf 88' lang='lat' dir='ltr'>K.]</span> <span class='ocrx_word' id='word_1_196' title='bbox 770 3534 1008 3588; x_wconf 86' lang='lat' dir='ltr'>maiores</span> <span class='ocrx_word' id='word_1_197' title='bbox 1035 3534 1187 3588; x_wconf 83' lang='lat' dir='ltr'>codd.</span> <span class='ocrx_word' id='word_1_198' title='bbox 1212 3534 1469 3587; x_wconf 78' lang='lat' dir='ltr'>Hauthal</span> <span class='ocrx_word' id='word_1_199' title='bbox 1613 3538 1679 3586; x_wconf 87' lang='grc'>19</span> <span class='ocrx_word' id='word_1_200' title='bbox 1707 3534 1874 3587; x_wconf 87' lang='lat' dir='ltr'>uiuus</span> <span class='ocrx_word' id='word_1_201' title='bbox 1895 3564 1963 3575; x_wconf 91' lang='lat'>--</span> <span class='ocrx_word' id='word_1_202' title='bbox 1983 3532 2226 3604; x_wconf 87' lang='lat' dir='ltr'>faciunt]</span> <span class='ocrx_word' id='word_1_203' title='bbox 2257 3549 2350 3587; x_wconf 90' lang='lat' dir='ltr'>om.</span> <span class='ocrx_word' id='word_1_204' title='bbox 2366 3547 2394 3584; x_wconf 82' lang='lat' dir='ltr'>r</span> 
     </span>
     <span class='ocr_line' id='line_1_26' title="bbox 442 3604 1827 3674; baseline 0.002 -19"><span class='ocrx_word' id='word_1_205' title='bbox 442 3604 722 3673; x_wconf 90' lang='lat' dir='ltr'>uinceret]</span> <span class='ocrx_word' id='word_1_206' title='bbox 760 3605 1045 3658; x_wconf 86' lang='lat' dir='ltr'>euinceret</span> <span class='ocrx_word' id='word_1_207' title='bbox 1082 3623 1107 3657; x_wconf 80' lang='grc' dir='ltr'><em>ε</em></span> <span class='ocrx_word' id='word_1_208' title='bbox 1252 3606 1311 3657; x_wconf 87' lang='lat' dir='ltr'>et</span> <span class='ocrx_word' id='word_1_209' title='bbox 1349 3606 1434 3656; x_wconf 82' lang='lat' dir='ltr'>est</span> <span class='ocrx_word' id='word_1_210' title='bbox 1471 3604 1630 3674; x_wconf 87' lang='lat' dir='ltr'>ordo]</span> <span class='ocrx_word' id='word_1_211' title='bbox 1670 3620 1769 3658; x_wconf 88' lang='lat' dir='ltr'>om.</span> <span class='ocrx_word' id='word_1_212' title='bbox 1802 3622 1827 3658; x_wconf 83' lang='grc' dir='ltr'><em>ε</em></span> 
     </span>
    </p>
   </div>
  </div>
 </body>
</html>
