<?xml version="1.0" encoding="UTF-8"?>
<!DOCTYPE html PUBLIC "-//W3C//DTD XHTML 1.0 Transitional//EN"
    "http://www.w3.org/TR/xhtml1/DTD/xhtml1-transitional.dtd">
<html xmlns="http://www.w3.org/1999/xhtml" xml:lang="en" lang="en">
 <head>
  <title>
</title>
<meta http-equiv="Content-Type" content="text/html;charset=utf-8" />
  <meta name='ocr-system' content='tesseract 3.04.00' />
  <meta name='ocr-capabilities' content='ocr_page ocr_carea ocr_par ocr_line ocrx_word'/>
</head>
<body>
  <div class='ocr_page' id='page_1' title='image "./pseudacronissch03kellgoog/pseudacronissch03kellgoog_0037.png"; bbox 0 0 2602 4013; ppageno 0'>
   <div class='ocr_carea' id='block_1_1' title="bbox 1019 224 2187 287">
    <p class='ocr_par' dir='ltr' id='par_1_1' title="bbox 1019 224 2187 287">
     <span class='ocr_line' id='line_1_1' title="bbox 1019 224 2187 287; baseline 0.008 -9"><span class='ocrx_word' id='word_1_1' title='bbox 1019 224 1229 279; x_wconf 76' lang='lat' dir='ltr'><strong>SERM.</strong></span> <span class='ocrx_word' id='word_1_2' title='bbox 1250 225 1325 278; x_wconf 91' lang='lat'>11</span> <span class='ocrx_word' id='word_1_3' title='bbox 2109 225 2187 287; x_wconf 89' lang='grc'>11</span> 
     </span>
    </p>
   </div>
   <div class='ocr_carea' id='block_1_2' title="bbox 162 391 2303 2783">
    <p class='ocr_par' dir='ltr' id='par_1_2' title="bbox 170 391 2193 563">
     <span class='ocr_line' id='line_1_2' title="bbox 338 391 2193 472; baseline 0 -20"><span class='ocrx_word' id='word_1_4' title='bbox 338 391 376 469; x_wconf 61' lang='grc' dir='ltr'><strong>ξ</strong></span> <span class='ocrx_word' id='word_1_5' title='bbox 396 393 526 472; x_wconf 85' lang='lat' dir='ltr'>Ego</span> <span class='ocrx_word' id='word_1_6' title='bbox 592 412 830 469; x_wconf 89' lang='lat' dir='ltr'>semper</span> <span class='ocrx_word' id='word_1_7' title='bbox 885 396 1026 469; x_wconf 86' lang='lat' dir='ltr'>opto</span> <span class='ocrx_word' id='word_1_8' title='bbox 1081 393 1495 471; x_wconf 86' lang='lat' dir='ltr'>egentissimus</span> <span class='ocrx_word' id='word_1_9' title='bbox 1552 411 1676 452; x_wconf 86' lang='lat' dir='ltr'>esse</span> <span class='ocrx_word' id='word_1_10' title='bbox 1731 412 1921 468; x_wconf 90' lang='lat' dir='ltr'>neque</span> <span class='ocrx_word' id='word_1_11' title='bbox 1975 392 2193 452; x_wconf 90' lang='lat' dir='ltr'>habere</span> 
     </span>
     <span class='ocr_line' id='line_1_3' title="bbox 170 473 2192 563; baseline 0 -23"><span class='ocrx_word' id='word_1_12' title='bbox 170 483 306 542; x_wconf 84' lang='lat' dir='ltr'>haec</span> <span class='ocrx_word' id='word_1_13' title='bbox 357 483 546 558; x_wconf 90' lang='lat' dir='ltr'>bona,</span> <span class='ocrx_word' id='word_1_14' title='bbox 611 501 769 558; x_wconf 87' lang='lat' dir='ltr'>quae</span> <span class='ocrx_word' id='word_1_15' title='bbox 822 482 970 540; x_wconf 84' lang='lat' dir='ltr'>mihi</span> <span class='ocrx_word' id='word_1_16' title='bbox 1026 482 1298 542; x_wconf 75' lang='lat' dir='ltr'><strong>adferant</strong></span> <span class='ocrx_word' id='word_1_17' title='bbox 1353 483 1683 542; x_wconf 85' lang='lat' dir='ltr'>cruciatum</span> <span class='ocrx_word' id='word_1_18' title='bbox 1740 473 2024 563; x_wconf 61' lang='lat' dir='ltr'>(P&#39;fVcK</span> <span class='ocrx_word' id='word_1_19' title='bbox 2064 483 2192 541; x_wconf 74' lang='lat' dir='ltr'>sism.</span> 
     </span>
    </p>

    <p class='ocr_par' dir='ltr' id='par_1_3' title="bbox 172 651 2297 919">
     <span class='ocr_line' id='line_1_4' title="bbox 339 651 2192 742; baseline -0.001 -21"><span class='ocrx_word' id='word_1_20' title='bbox 339 654 459 721; x_wconf 87' lang='grc'>80.</span> <span class='ocrx_word' id='word_1_21' title='bbox 508 658 946 736; x_wconf 72' lang='lat' dir='ltr'>§Temptatum</span> <span class='ocrx_word' id='word_1_22' title='bbox 990 678 1038 718; x_wconf 86' lang='lat' dir='ltr'>c.</span> <span class='ocrx_word' id='word_1_23' title='bbox 1078 651 1201 742; x_wconf 87' lang='grc' dir='ltr'>(ν)]</span> <span class='ocrx_word' id='word_1_24' title='bbox 1282 659 1449 719; x_wconf 88' lang='lat' dir='ltr'>Idest</span> <span class='ocrx_word' id='word_1_25' title='bbox 1495 660 1546 718; x_wconf 91' lang='lat' dir='ltr'>si</span> <span class='ocrx_word' id='word_1_26' title='bbox 1581 662 1944 735; x_wconf 84' lang='lat' dir='ltr'>temptatum</span> <span class='ocrx_word' id='word_1_27' title='bbox 1982 677 2192 735; x_wconf 88' lang='lat' dir='ltr'>corpus</span> 
     </span>
     <span class='ocr_line' id='line_1_5' title="bbox 172 748 2297 827; baseline 0 -19"><span class='ocrx_word' id='word_1_28' title='bbox 172 753 330 808; x_wconf 83' lang='lat' dir='ltr'>tuum</span> <span class='ocrx_word' id='word_1_29' title='bbox 381 750 609 827; x_wconf 72' lang='lat' dir='ltr'>frigore</span> <span class='ocrx_word' id='word_1_30' title='bbox 666 752 776 808; x_wconf 90' lang='lat' dir='ltr'>aut</span> <span class='ocrx_word' id='word_1_31' title='bbox 831 748 949 808; x_wconf 84' lang='lat' dir='ltr'>alio</span> <span class='ocrx_word' id='word_1_32' title='bbox 996 767 1136 808; x_wconf 86' lang='lat' dir='ltr'>casu</span> <span class='ocrx_word' id='word_1_33' title='bbox 1182 749 1576 824; x_wconf 80' lang='lat' dir='ltr'><strong>condoluerit,</strong></span> <span class='ocrx_word' id='word_1_34' title='bbox 1632 766 1805 807; x_wconf 92' lang='lat' dir='ltr'>nemo</span> <span class='ocrx_word' id='word_1_35' title='bbox 1849 751 1912 807; x_wconf 89' lang='lat' dir='ltr'>te</span> <span class='ocrx_word' id='word_1_36' title='bbox 1958 748 2193 823; x_wconf 86' lang='lat' dir='ltr'>optabit</span> <span class='ocrx_word' id='word_1_37' title='bbox 2267 760 2297 808; x_wconf 83' lang='lat'>5</span> 
     </span>
     <span class='ocr_line' id='line_1_6' title="bbox 172 829 909 919; baseline -0.001 -22"><span class='ocrx_word' id='word_1_38' title='bbox 172 840 574 898; x_wconf 85' lang='lat' dir='ltr'>conualescere</span> <span class='ocrx_word' id='word_1_39' title='bbox 623 829 728 919; x_wconf 80' lang='lat' dir='ltr'>(P&#39;</span> <span class='ocrx_word' id='word_1_40' title='bbox 737 839 776 911; x_wconf 77' lang='lat' dir='ltr'><strong><em>f</em></strong></span> <span class='ocrx_word' id='word_1_41' title='bbox 786 839 909 910; x_wconf 60' lang='lat' dir='ltr'><em>ch</em></span> 
     </span>
    </p>

    <p class='ocr_par' dir='ltr' id='par_1_4' title="bbox 169 918 2196 1186">
     <span class='ocr_line' id='line_1_7' title="bbox 339 918 2193 1008; baseline -0.002 -21"><span class='ocrx_word' id='word_1_42' title='bbox 339 921 458 988; x_wconf 78' lang='grc'>82.</span> <span class='ocrx_word' id='word_1_43' title='bbox 535 925 574 1003; x_wconf 68' lang='grc' dir='ltr'>ἓ</span> <span class='ocrx_word' id='word_1_44' title='bbox 593 927 884 986; x_wconf 87' lang='lat' dir='ltr'>Fomenta</span> <span class='ocrx_word' id='word_1_45' title='bbox 925 946 983 1002; x_wconf 86' lang='lat' dir='ltr'>p.</span> <span class='ocrx_word' id='word_1_46' title='bbox 1024 918 1146 1008; x_wconf 83' lang='lat' dir='ltr'><em>(v)]</em></span> <span class='ocrx_word' id='word_1_47' title='bbox 1228 927 1519 986; x_wconf 87' lang='lat' dir='ltr'>Fomenta</span> <span class='ocrx_word' id='word_1_48' title='bbox 1564 927 1750 999; x_wconf 84' lang='lat' dir='ltr'>dicta,</span> <span class='ocrx_word' id='word_1_49' title='bbox 1799 926 1958 1001; x_wconf 91' lang='lat' dir='ltr'>quod</span> <span class='ocrx_word' id='word_1_50' title='bbox 2005 926 2193 1004; x_wconf 90' lang='lat' dir='ltr'>aegri-</span> 
     </span>
     <span class='ocr_line' id='line_1_8' title="bbox 171 1010 2196 1091; baseline 0 -17"><span class='ocrx_word' id='word_1_51' title='bbox 171 1016 431 1075; x_wconf 62' lang='lat' dir='ltr'>tudinem</span> <span class='ocrx_word' id='word_1_52' title='bbox 478 1016 751 1091; x_wconf 84' lang='lat' dir='ltr'>foueant3</span> <span class='ocrx_word' id='word_1_53' title='bbox 812 1015 950 1074; x_wconf 87' lang='lat' dir='ltr'>inde</span> <span class='ocrx_word' id='word_1_54' title='bbox 996 1019 1057 1075; x_wconf 87' lang='lat' dir='ltr'>et</span> <span class='ocrx_word' id='word_1_55' title='bbox 1103 1010 1405 1075; x_wconf 74' lang='lat' dir='ltr'>‘fomites&#39;</span> <span class='ocrx_word' id='word_1_56' title='bbox 1454 1016 1626 1089; x_wconf 89' lang='lat' dir='ltr'>dicti,</span> <span class='ocrx_word' id='word_1_57' title='bbox 1693 1016 1851 1090; x_wconf 92' lang='lat' dir='ltr'>quod</span> <span class='ocrx_word' id='word_1_58' title='bbox 1894 1016 2196 1074; x_wconf 84' lang='lat' dir='ltr'>flammam</span> 
     </span>
     <span class='ocr_line' id='line_1_9' title="bbox 169 1098 743 1186; baseline 0 -24"><span class='ocrx_word' id='word_1_59' title='bbox 169 1105 406 1164; x_wconf 82' lang='lat' dir='ltr'>foueant</span> <span class='ocrx_word' id='word_1_60' title='bbox 456 1098 563 1186; x_wconf 78' lang='grc' dir='ltr'>(Γ</span> <span class='ocrx_word' id='word_1_61' title='bbox 571 1106 609 1178; x_wconf 81' lang='lat' dir='ltr'><strong><em>f</em></strong></span> <span class='ocrx_word' id='word_1_62' title='bbox 622 1105 743 1176; x_wconf 56' lang='lat' dir='ltr'>Vc}</span> 
     </span>
    </p>

    <p class='ocr_par' dir='ltr' id='par_1_5' title="bbox 165 1185 2301 1542">
     <span class='ocr_line' id='line_1_10' title="bbox 338 1185 2301 1275; baseline -0.002 -21"><span class='ocrx_word' id='word_1_63' title='bbox 338 1188 459 1255; x_wconf 82' lang='grc'>86.</span> <span class='ocrx_word' id='word_1_64' title='bbox 509 1192 807 1269; x_wconf 73' lang='lat' dir='ltr'>§Miraris</span> <span class='ocrx_word' id='word_1_65' title='bbox 844 1212 977 1253; x_wconf 92' lang='lat' dir='ltr'>cum</span> <span class='ocrx_word' id='word_1_66' title='bbox 1011 1196 1082 1252; x_wconf 91' lang='lat' dir='ltr'>tu</span> <span class='ocrx_word' id='word_1_67' title='bbox 1120 1212 1171 1251; x_wconf 88' lang='lat' dir='ltr'>a.</span> <span class='ocrx_word' id='word_1_68' title='bbox 1209 1213 1267 1269; x_wconf 86' lang='lat' dir='ltr'>p.</span> <span class='ocrx_word' id='word_1_69' title='bbox 1307 1212 1360 1253; x_wconf 90' lang='lat' dir='ltr'>o.</span> <span class='ocrx_word' id='word_1_70' title='bbox 1395 1213 1454 1269; x_wconf 89' lang='lat' dir='ltr'>p.</span> <span class='ocrx_word' id='word_1_71' title='bbox 1493 1185 1609 1275; x_wconf 85' lang='lat' dir='ltr'>(c)]</span> <span class='ocrx_word' id='word_1_72' title='bbox 1683 1193 1922 1253; x_wconf 86' lang='lat' dir='ltr'>Miraris</span> <span class='ocrx_word' id='word_1_73' title='bbox 1958 1196 2019 1251; x_wconf 87' lang='lat' dir='ltr'>te</span> <span class='ocrx_word' id='word_1_74' title='bbox 2057 1192 2194 1251; x_wconf 79' lang='lat' dir='ltr'>odio</span> <span class='ocrx_word' id='word_1_75' title='bbox 2235 1203 2301 1252; x_wconf 91' lang='lat'>10</span> 
     </span>
     <span class='ocr_line' id='line_1_11' title="bbox 166 1282 2197 1360; baseline -0.002 -17"><span class='ocrx_word' id='word_1_76' title='bbox 166 1302 311 1359; x_wconf 81' lang='lat' dir='ltr'>esse,</span> <span class='ocrx_word' id='word_1_77' title='bbox 366 1303 506 1342; x_wconf 89' lang='lat' dir='ltr'>cum</span> <span class='ocrx_word' id='word_1_78' title='bbox 555 1284 625 1341; x_wconf 90' lang='lat' dir='ltr'>tu</span> <span class='ocrx_word' id='word_1_79' title='bbox 670 1284 869 1342; x_wconf 88' lang='lat' dir='ltr'>omnia</span> <span class='ocrx_word' id='word_1_80' title='bbox 916 1285 1163 1360; x_wconf 83' lang='lat' dir='ltr'>argento</span> <span class='ocrx_word' id='word_1_81' title='bbox 1208 1285 1562 1358; x_wconf 83' lang='lat' dir='ltr'>postponas3</span> <span class='ocrx_word' id='word_1_82' title='bbox 1624 1282 1780 1341; x_wconf 87' lang='lat' dir='ltr'>idest</span> <span class='ocrx_word' id='word_1_83' title='bbox 1823 1283 2089 1355; x_wconf 87' lang='lat' dir='ltr'>miraris,</span> <span class='ocrx_word' id='word_1_84' title='bbox 2145 1283 2197 1339; x_wconf 89' lang='lat' dir='ltr'>si</span> 
     </span>
     <span class='ocr_line' id='line_1_12' title="bbox 165 1370 2196 1448; baseline -0.001 -18"><span class='ocrx_word' id='word_1_85' title='bbox 165 1392 330 1432; x_wconf 91' lang='lat' dir='ltr'>nemo</span> <span class='ocrx_word' id='word_1_86' title='bbox 385 1376 449 1431; x_wconf 92' lang='lat' dir='ltr'>te</span> <span class='ocrx_word' id='word_1_87' title='bbox 506 1374 697 1445; x_wconf 89' lang='lat' dir='ltr'>amat,</span> <span class='ocrx_word' id='word_1_88' title='bbox 754 1390 888 1430; x_wconf 87' lang='lat' dir='ltr'>cum</span> <span class='ocrx_word' id='word_1_89' title='bbox 941 1371 1217 1430; x_wconf 89' lang='lat' dir='ltr'>omnibus</span> <span class='ocrx_word' id='word_1_90' title='bbox 1271 1372 1445 1430; x_wconf 89' lang='lat' dir='ltr'>rebus</span> <span class='ocrx_word' id='word_1_91' title='bbox 1503 1370 1821 1447; x_wconf 85' lang='lat' dir='ltr'>praeponis</span> <span class='ocrx_word' id='word_1_92' title='bbox 1866 1374 2196 1448; x_wconf 88' lang='lat' dir='ltr'>argentum,</span> 
     </span>
     <span class='ocr_line' id='line_1_13' title="bbox 165 1453 2196 1542; baseline -0.001 -23"><span class='ocrx_word' id='word_1_93' title='bbox 165 1462 267 1520; x_wconf 89' lang='lat' dir='ltr'>hoc</span> <span class='ocrx_word' id='word_1_94' title='bbox 312 1464 407 1521; x_wconf 91' lang='lat' dir='ltr'>est</span> <span class='ocrx_word' id='word_1_95' title='bbox 455 1480 591 1520; x_wconf 92' lang='lat' dir='ltr'>cum</span> <span class='ocrx_word' id='word_1_96' title='bbox 634 1462 775 1537; x_wconf 88' lang='lat' dir='ltr'>post</span> <span class='ocrx_word' id='word_1_97' title='bbox 812 1463 1124 1539; x_wconf 86' lang='lat' dir='ltr'>argentum</span> <span class='ocrx_word' id='word_1_98' title='bbox 1160 1460 1335 1536; x_wconf 90' lang='lat' dir='ltr'>ponis</span> <span class='ocrx_word' id='word_1_99' title='bbox 1372 1460 1574 1519; x_wconf 89' lang='lat' dir='ltr'>omnia</span> <span class='ocrx_word' id='word_1_100' title='bbox 1602 1453 1752 1542; x_wconf 80' lang='lat' dir='ltr'>(P&#39;f</span> <span class='ocrx_word' id='word_1_101' title='bbox 1764 1460 1973 1532; x_wconf 59' lang='lat' dir='ltr'>chcf.</span> <span class='ocrx_word' id='word_1_102' title='bbox 1984 1460 2196 1534; x_wconf 79' lang='lat' dir='ltr'>Porph.</span> 
     </span>
    </p>

    <p class='ocr_par' dir='ltr' id='par_1_6' title="bbox 162 1541 2303 2343">
     <span class='ocr_line' id='line_1_14' title="bbox 338 1541 2196 1631; baseline -0.002 -22"><span class='ocrx_word' id='word_1_103' title='bbox 338 1544 460 1611; x_wconf 88' lang='grc'>88.</span> <span class='ocrx_word' id='word_1_104' title='bbox 509 1547 665 1625; x_wconf 75' lang='lat' dir='ltr'>§An</span> <span class='ocrx_word' id='word_1_105' title='bbox 714 1549 765 1608; x_wconf 92' lang='lat' dir='ltr'>si</span> <span class='ocrx_word' id='word_1_106' title='bbox 812 1568 977 1627; x_wconf 83' lang='lat' dir='ltr'>cogn.</span> <span class='ocrx_word' id='word_1_107' title='bbox 1014 1570 1071 1607; x_wconf 90' lang='lat' dir='ltr'>n.</span> <span class='ocrx_word' id='word_1_108' title='bbox 1113 1550 1152 1607; x_wconf 91' lang='lat'>1.</span> <span class='ocrx_word' id='word_1_109' title='bbox 1192 1541 1318 1631; x_wconf 84' lang='lat' dir='ltr'><em>(v)]</em></span> <span class='ocrx_word' id='word_1_110' title='bbox 1394 1547 1642 1609; x_wconf 83' lang='lat' dir='ltr'>Sensus:</span> <span class='ocrx_word' id='word_1_111' title='bbox 1689 1567 1767 1607; x_wconf 89' lang='lat' dir='ltr'>an</span> <span class='ocrx_word' id='word_1_112' title='bbox 1804 1550 1857 1607; x_wconf 88' lang='lat' dir='ltr'>si</span> <span class='ocrx_word' id='word_1_113' title='bbox 1894 1551 2196 1626; x_wconf 87' lang='lat' dir='ltr'>cognatos,</span> 
     </span>
     <span class='ocr_line' id='line_1_15' title="bbox 167 1636 2302 1716; baseline -0 -19"><span class='ocrx_word' id='word_1_114' title='bbox 167 1658 306 1714; x_wconf 91' lang='lat' dir='ltr'>quos</span> <span class='ocrx_word' id='word_1_115' title='bbox 352 1640 472 1698; x_wconf 89' lang='lat' dir='ltr'>tibi</span> <span class='ocrx_word' id='word_1_116' title='bbox 519 1639 815 1716; x_wconf 87' lang='lat' dir='ltr'>gratuitos</span> <span class='ocrx_word' id='word_1_117' title='bbox 856 1640 1076 1698; x_wconf 88' lang='lat' dir='ltr'>natura</span> <span class='ocrx_word' id='word_1_118' title='bbox 1113 1637 1420 1711; x_wconf 75' lang='lat' dir='ltr'>concessit,</span> <span class='ocrx_word' id='word_1_119' title='bbox 1466 1641 1526 1696; x_wconf 91' lang='lat' dir='ltr'>et</span> <span class='ocrx_word' id='word_1_120' title='bbox 1564 1638 1783 1697; x_wconf 89' lang='lat' dir='ltr'>amicos</span> <span class='ocrx_word' id='word_1_121' title='bbox 1821 1636 2197 1696; x_wconf 85' lang='lat' dir='ltr'>humanitate</span> <span class='ocrx_word' id='word_1_122' title='bbox 2239 1648 2302 1696; x_wconf 79' lang='lat'>15</span> 
     </span>
     <span class='ocr_line' id='line_1_16' title="bbox 162 1726 2199 1803; baseline -0.001 -17"><span class='ocrx_word' id='word_1_123' title='bbox 162 1731 265 1788; x_wconf 85' lang='lat' dir='ltr'>tua</span> <span class='ocrx_word' id='word_1_124' title='bbox 317 1729 436 1787; x_wconf 73' lang='lat' dir='ltr'>fibi</span> <span class='ocrx_word' id='word_1_125' title='bbox 493 1727 855 1803; x_wconf 82' lang='lat' dir='ltr'>deuinxeris,</span> <span class='ocrx_word' id='word_1_126' title='bbox 917 1726 1138 1786; x_wconf 87' lang='lat' dir='ltr'>uideris</span> <span class='ocrx_word' id='word_1_127' title='bbox 1192 1727 1308 1785; x_wconf 87' lang='lat' dir='ltr'>tibi</span> <span class='ocrx_word' id='word_1_128' title='bbox 1359 1727 1449 1785; x_wconf 89' lang='lat' dir='ltr'>ita</span> <span class='ocrx_word' id='word_1_129' title='bbox 1506 1745 1748 1802; x_wconf 80' lang='lat' dir='ltr'>operam</span> <span class='ocrx_word' id='word_1_130' title='bbox 1792 1726 2062 1802; x_wconf 88' lang='lat' dir='ltr'>perdere,</span> <span class='ocrx_word' id='word_1_131' title='bbox 2127 1727 2199 1784; x_wconf 87' lang='lat' dir='ltr'>ut</span> 
     </span>
     <span class='ocr_line' id='line_1_17' title="bbox 165 1814 2198 1893; baseline -0.002 -17"><span class='ocrx_word' id='word_1_132' title='bbox 165 1817 288 1893; x_wconf 89' lang='lat' dir='ltr'>ille,</span> <span class='ocrx_word' id='word_1_133' title='bbox 355 1816 461 1893; x_wconf 83' lang='lat' dir='ltr'>qui</span> <span class='ocrx_word' id='word_1_134' title='bbox 526 1819 694 1875; x_wconf 91' lang='lat' dir='ltr'>asino</span> <span class='ocrx_word' id='word_1_135' title='bbox 760 1818 927 1876; x_wconf 88' lang='lat' dir='ltr'>uelut</span> <span class='ocrx_word' id='word_1_136' title='bbox 991 1834 1142 1891; x_wconf 92' lang='lat' dir='ltr'>equo</span> <span class='ocrx_word' id='word_1_137' title='bbox 1207 1817 1343 1874; x_wconf 78' lang='lat' dir='ltr'>uult</span> <span class='ocrx_word' id='word_1_138' title='bbox 1405 1814 1538 1874; x_wconf 77' lang='lat' dir='ltr'>uti?</span> <span class='ocrx_word' id='word_1_139' title='bbox 1627 1816 1718 1875; x_wconf 90' lang='lat' dir='ltr'>De</span> <span class='ocrx_word' id='word_1_140' title='bbox 1775 1817 1942 1874; x_wconf 89' lang='lat' dir='ltr'>asino</span> <span class='ocrx_word' id='word_1_141' title='bbox 1998 1817 2198 1873; x_wconf 88' lang='lat' dir='ltr'>autem</span> 
     </span>
     <span class='ocr_line' id='line_1_18' title="bbox 165 1896 2196 1986; baseline -0.001 -21"><span class='ocrx_word' id='word_1_142' title='bbox 165 1907 537 1985; x_wconf 80' lang='lat' dir='ltr'>prouerbiale</span> <span class='ocrx_word' id='word_1_143' title='bbox 585 1907 677 1964; x_wconf 88' lang='lat' dir='ltr'>est</span> <span class='ocrx_word' id='word_1_144' title='bbox 724 1896 901 1986; x_wconf 79' lang='lat' dir='ltr'>(cons.</span> <span class='ocrx_word' id='word_1_145' title='bbox 940 1896 1200 1986; x_wconf 65' lang='lat' dir='ltr'>Porph.)</span> <span class='ocrx_word' id='word_1_146' title='bbox 1291 1905 1514 1963; x_wconf 79' lang='lat' dir='ltr'>Aliter:</span> <span class='ocrx_word' id='word_1_147' title='bbox 1575 1923 1651 1963; x_wconf 88' lang='lat' dir='ltr'>an</span> <span class='ocrx_word' id='word_1_148' title='bbox 1698 1905 1751 1963; x_wconf 90' lang='lat' dir='ltr'>si</span> <span class='ocrx_word' id='word_1_149' title='bbox 1795 1904 1945 1962; x_wconf 91' lang='lat' dir='ltr'>uelis</span> <span class='ocrx_word' id='word_1_150' title='bbox 1994 1905 2196 1979; x_wconf 85' lang='lat' dir='ltr'>aliquo</span> 
     </span>
     <span class='ocr_line' id='line_1_19' title="bbox 168 1992 2198 2073; baseline -0.001 -19"><span class='ocrx_word' id='word_1_151' title='bbox 168 1996 447 2073; x_wconf 89' lang='lat' dir='ltr'>obsequio</span> <span class='ocrx_word' id='word_1_152' title='bbox 461 2041 476 2070; x_wconf 89' lang='lat'>,</span> <span class='ocrx_word' id='word_1_153' title='bbox 551 1995 757 2070; x_wconf 88' lang='lat' dir='ltr'>aliqua</span> <span class='ocrx_word' id='word_1_154' title='bbox 830 1995 1147 2055; x_wconf 73' lang='lat' dir='ltr'>sedulitate</span> <span class='ocrx_word' id='word_1_155' title='bbox 1212 1993 1529 2054; x_wconf 75' lang='lat' dir='ltr'>conciliare</span> <span class='ocrx_word' id='word_1_156' title='bbox 1593 1993 1707 2053; x_wconf 88' lang='lat' dir='ltr'>tibi</span> <span class='ocrx_word' id='word_1_157' title='bbox 1771 1992 1979 2052; x_wconf 88' lang='lat' dir='ltr'>affines</span> <span class='ocrx_word' id='word_1_158' title='bbox 2042 1995 2198 2067; x_wconf 78' lang='lat' dir='ltr'>tuOS,</span> 
     </span>
     <span class='ocr_line' id='line_1_20' title="bbox 165 2081 2303 2161; baseline -0.002 -16"><span class='ocrx_word' id='word_1_159' title='bbox 165 2086 358 2160; x_wconf 86' lang='lat' dir='ltr'>perdis</span> <span class='ocrx_word' id='word_1_160' title='bbox 406 2104 675 2161; x_wconf 87' lang='lat' dir='ltr'>operam,</span> <span class='ocrx_word' id='word_1_161' title='bbox 722 2085 900 2143; x_wconf 87' lang='lat' dir='ltr'>sicuti</span> <span class='ocrx_word' id='word_1_162' title='bbox 943 2086 1014 2159; x_wconf 88' lang='lat' dir='ltr'>is,</span> <span class='ocrx_word' id='word_1_163' title='bbox 1063 2084 1166 2159; x_wconf 88' lang='lat' dir='ltr'>qui</span> <span class='ocrx_word' id='word_1_164' title='bbox 1210 2084 1346 2142; x_wconf 90' lang='lat' dir='ltr'>uult</span> <span class='ocrx_word' id='word_1_165' title='bbox 1392 2084 1597 2142; x_wconf 84' lang='lat' dir='ltr'>docere</span> <span class='ocrx_word' id='word_1_166' title='bbox 1646 2084 1878 2141; x_wconf 88' lang='lat' dir='ltr'>asinum</span> <span class='ocrx_word' id='word_1_167' title='bbox 1924 2081 2197 2141; x_wconf 78' lang='lat' dir='ltr'>currere?</span> <span class='ocrx_word' id='word_1_168' title='bbox 2236 2092 2303 2140; x_wconf 83' lang='lat'>20</span> 
     </span>
     <span class='ocr_line' id='line_1_21' title="bbox 169 2171 2197 2250; baseline -0 -19"><span class='ocrx_word' id='word_1_169' title='bbox 169 2173 319 2232; x_wconf 85' lang='lat' dir='ltr'>Nam</span> <span class='ocrx_word' id='word_1_170' title='bbox 365 2175 470 2250; x_wconf 90' lang='lat' dir='ltr'>qui</span> <span class='ocrx_word' id='word_1_171' title='bbox 516 2174 580 2231; x_wconf 91' lang='lat' dir='ltr'>in</span> <span class='ocrx_word' id='word_1_172' title='bbox 627 2192 865 2233; x_wconf 90' lang='lat' dir='ltr'>cursum</span> <span class='ocrx_word' id='word_1_173' title='bbox 910 2175 1141 2232; x_wconf 83' lang='lat' dir='ltr'>exercet</span> <span class='ocrx_word' id='word_1_174' title='bbox 1186 2174 1447 2248; x_wconf 91' lang='lat' dir='ltr'>asinum,</span> <span class='ocrx_word' id='word_1_175' title='bbox 1496 2171 1694 2248; x_wconf 86' lang='lat' dir='ltr'>perdit</span> <span class='ocrx_word' id='word_1_176' title='bbox 1739 2190 2006 2248; x_wconf 90' lang='lat' dir='ltr'>operam,</span> <span class='ocrx_word' id='word_1_177' title='bbox 2055 2171 2197 2247; x_wconf 85' lang='lat' dir='ltr'>quia</span> 
     </span>
     <span class='ocr_line' id='line_1_22' title="bbox 170 2254 1225 2343; baseline -0.001 -22"><span class='ocrx_word' id='word_1_178' title='bbox 170 2262 518 2322; x_wconf 84' lang='lat' dir='ltr'>exercendus</span> <span class='ocrx_word' id='word_1_179' title='bbox 565 2264 656 2321; x_wconf 88' lang='lat' dir='ltr'>est</span> <span class='ocrx_word' id='word_1_180' title='bbox 703 2280 891 2337; x_wconf 90' lang='lat' dir='ltr'>equus</span> <span class='ocrx_word' id='word_1_181' title='bbox 940 2254 1042 2343; x_wconf 78' lang='grc' dir='ltr'>(Γ</span> <span class='ocrx_word' id='word_1_182' title='bbox 1051 2264 1090 2335; x_wconf 81' lang='lat' dir='ltr'><em>f</em></span> <span class='ocrx_word' id='word_1_183' title='bbox 1104 2262 1225 2334; x_wconf 58' lang='lat' dir='ltr'><em>ch</em></span> 
     </span>
    </p>

    <p class='ocr_par' dir='ltr' id='par_1_7' title="bbox 172 2342 2197 2520">
     <span class='ocr_line' id='line_1_23' title="bbox 338 2342 2197 2432; baseline -0.002 -22"><span class='ocrx_word' id='word_1_184' title='bbox 338 2351 568 2410; x_wconf 77' lang='lat' dir='ltr'>*Nullo</span> <span class='ocrx_word' id='word_1_185' title='bbox 604 2353 822 2410; x_wconf 86' lang='lat' dir='ltr'>natura</span> <span class='ocrx_word' id='word_1_186' title='bbox 859 2351 898 2408; x_wconf 92' lang='lat' dir='ltr'>l.</span> <span class='ocrx_word' id='word_1_187' title='bbox 930 2370 984 2425; x_wconf 92' lang='lat' dir='ltr'>q.</span> <span class='ocrx_word' id='word_1_188' title='bbox 1012 2351 1055 2408; x_wconf 88' lang='lat' dir='ltr'>t.</span> <span class='ocrx_word' id='word_1_189' title='bbox 1087 2351 1143 2410; x_wconf 89' lang='lat' dir='ltr'>d.</span> <span class='ocrx_word' id='word_1_190' title='bbox 1174 2342 1289 2432; x_wconf 86' lang='lat' dir='ltr'>(c)]</span> <span class='ocrx_word' id='word_1_191' title='bbox 1339 2349 1494 2419; x_wconf 87' lang='lat' dir='ltr'>Quia</span> <span class='ocrx_word' id='word_1_192' title='bbox 1529 2350 1699 2408; x_wconf 93' lang='lat' dir='ltr'>nullo</span> <span class='ocrx_word' id='word_1_193' title='bbox 1734 2351 1939 2408; x_wconf 87' lang='lat' dir='ltr'>nostro</span> <span class='ocrx_word' id='word_1_194' title='bbox 1974 2348 2197 2423; x_wconf 88' lang='lat' dir='ltr'>labore,</span> 
     </span>
     <span class='ocr_line' id='line_1_24' title="bbox 172 2430 1902 2520; baseline -0.002 -23"><span class='ocrx_word' id='word_1_195' title='bbox 172 2441 330 2499; x_wconf 80' lang='lat' dir='ltr'>nulla</span> <span class='ocrx_word' id='word_1_196' title='bbox 374 2440 678 2499; x_wconf 88' lang='lat' dir='ltr'>industria</span> <span class='ocrx_word' id='word_1_197' title='bbox 723 2439 893 2499; x_wconf 87' lang='lat' dir='ltr'>nobis</span> <span class='ocrx_word' id='word_1_198' title='bbox 938 2442 1264 2499; x_wconf 88' lang='lat' dir='ltr'>nascuntur</span> <span class='ocrx_word' id='word_1_199' title='bbox 1309 2439 1630 2515; x_wconf 88' lang='lat' dir='ltr'>propinqui</span> <span class='ocrx_word' id='word_1_200' title='bbox 1678 2430 1782 2520; x_wconf 77' lang='grc' dir='ltr'>(Γ</span> <span class='ocrx_word' id='word_1_201' title='bbox 1793 2438 1902 2511; x_wconf 59' lang='lat' dir='ltr'>fc}</span> 
     </span>
    </p>

    <p class='ocr_par' dir='ltr' id='par_1_8' title="bbox 338 2517 2302 2609">
     <span class='ocr_line' id='line_1_25' title="bbox 338 2517 2302 2609; baseline -0.002 -20"><span class='ocrx_word' id='word_1_202' title='bbox 338 2521 462 2589; x_wconf 82' lang='grc'>91.</span> <span class='ocrx_word' id='word_1_203' title='bbox 481 2528 841 2587; x_wconf 82' lang='lat' dir='ltr'>*Parentem</span> <span class='ocrx_word' id='word_1_204' title='bbox 861 2520 1060 2609; x_wconf 81' lang='grc' dir='ltr'>(νοζ)]</span> <span class='ocrx_word' id='word_1_205' title='bbox 1092 2529 1528 2602; x_wconf 86' lang='lat' dir='ltr'>Famulantem,</span> <span class='ocrx_word' id='word_1_206' title='bbox 1550 2527 1958 2586; x_wconf 87' lang='lat' dir='ltr'>oboedientem</span> <span class='ocrx_word' id='word_1_207' title='bbox 1977 2517 2202 2607; x_wconf 59' lang='lat' dir='ltr'>(F&#39;bog</span> <span class='ocrx_word' id='word_1_208' title='bbox 2236 2537 2302 2585; x_wconf 78' lang='lat'>25</span> 
     </span>
    </p>

    <p class='ocr_par' dir='ltr' id='par_1_9' title="bbox 170 2609 2197 2783">
     <span class='ocr_line' id='line_1_26' title="bbox 339 2609 2195 2699; baseline -0.002 -21"><span class='ocrx_word' id='word_1_209' title='bbox 339 2611 461 2678; x_wconf 78' lang='lat'>92.</span> <span class='ocrx_word' id='word_1_210' title='bbox 491 2617 530 2693; x_wconf 66' lang='grc' dir='ltr'>ἓ</span> <span class='ocrx_word' id='word_1_211' title='bbox 551 2616 647 2676; x_wconf 85' lang='lat' dir='ltr'>Sit</span> <span class='ocrx_word' id='word_1_212' title='bbox 671 2617 806 2676; x_wconf 88' lang='lat' dir='ltr'>finis</span> <span class='ocrx_word' id='word_1_213' title='bbox 836 2612 1243 2695; x_wconf 85' lang='lat' dir='ltr'>qu&lt;a&gt;erendi</span> <span class='ocrx_word' id='word_1_214' title='bbox 1273 2609 1396 2699; x_wconf 81' lang='lat' dir='ltr'><em>(v)]</em></span> <span class='ocrx_word' id='word_1_215' title='bbox 1445 2616 1662 2675; x_wconf 86' lang='lat' dir='ltr'>Sensus</span> <span class='ocrx_word' id='word_1_216' title='bbox 1691 2609 1868 2694; x_wconf 85' lang='lat' dir='ltr'>[est]:</span> <span class='ocrx_word' id='word_1_217' title='bbox 1896 2617 2195 2690; x_wconf 83' lang='lat' dir='ltr'>postremo</span> 
     </span>
     <span class='ocr_line' id='line_1_27' title="bbox 170 2704 2197 2783; baseline -0.002 -17"><span class='ocrx_word' id='word_1_218' title='bbox 170 2725 295 2766; x_wconf 85' lang='lat' dir='ltr'>cum</span> <span class='ocrx_word' id='word_1_219' title='bbox 340 2709 522 2767; x_wconf 86' lang='lat' dir='ltr'>aucta</span> <span class='ocrx_word' id='word_1_220' title='bbox 567 2709 647 2765; x_wconf 89' lang='lat' dir='ltr'>sit</span> <span class='ocrx_word' id='word_1_221' title='bbox 690 2706 943 2783; x_wconf 87' lang='lat' dir='ltr'>pecunia</span> <span class='ocrx_word' id='word_1_222' title='bbox 987 2709 1111 2780; x_wconf 88' lang='lat' dir='ltr'>tua,</span> <span class='ocrx_word' id='word_1_223' title='bbox 1157 2707 1354 2764; x_wconf 81' lang='lat' dir='ltr'>minus</span> <span class='ocrx_word' id='word_1_224' title='bbox 1400 2705 1523 2763; x_wconf 89' lang='lat' dir='ltr'>iam</span> <span class='ocrx_word' id='word_1_225' title='bbox 1568 2704 1744 2763; x_wconf 89' lang='lat' dir='ltr'>debes</span> <span class='ocrx_word' id='word_1_226' title='bbox 1779 2706 2197 2779; x_wconf 86' lang='lat' dir='ltr'>paupertatem</span> 
     </span>
    </p>
   </div>
   <div class='ocr_carea' id='block_1_3' title="bbox 167 2890 2204 3603">
    <p class='ocr_par' dir='ltr' id='par_1_10' title="bbox 167 2890 2204 3603">
     <span class='ocr_line' id='line_1_28' title="bbox 341 2890 2195 2963; baseline -0.001 -15"><span class='ocrx_word' id='word_1_227' title='bbox 341 2901 372 2948; x_wconf 84' lang='lat'>2</span> <span class='ocrx_word' id='word_1_228' title='bbox 429 2894 572 2948; x_wconf 87' lang='lat' dir='ltr'>haec</span> <span class='ocrx_word' id='word_1_229' title='bbox 627 2893 752 2963; x_wconf 90' lang='lat' dir='ltr'>(hec</span> <span class='ocrx_word' id='word_1_230' title='bbox 806 2894 860 2962; x_wconf 86' lang='grc' dir='ltr'>ν)</span> <span class='ocrx_word' id='word_1_231' title='bbox 914 2892 1064 2947; x_wconf 88' lang='lat' dir='ltr'>bona</span> <span class='ocrx_word' id='word_1_232' title='bbox 1118 2892 1329 2947; x_wconf 86' lang='lat' dir='ltr'>habere</span> <span class='ocrx_word' id='word_1_233' title='bbox 1374 2914 1407 2947; x_wconf 83' lang='grc' dir='ltr'><strong><em>ν</em></strong></span> <span class='ocrx_word' id='word_1_234' title='bbox 1416 2892 1453 2958; x_wconf 81' lang='lat' dir='ltr'><strong><em>f</em></strong></span> <span class='ocrx_word' id='word_1_235' title='bbox 1499 2891 1707 2945; x_wconf 87' lang='lat' dir='ltr'>habere</span> <span class='ocrx_word' id='word_1_236' title='bbox 1754 2890 1894 2945; x_wconf 86' lang='lat' dir='ltr'>haec</span> <span class='ocrx_word' id='word_1_237' title='bbox 1941 2890 2066 2959; x_wconf 90' lang='lat' dir='ltr'>(hec</span> <span class='ocrx_word' id='word_1_238' title='bbox 2110 2891 2195 2961; x_wconf 82' lang='lat' dir='ltr'>fc)</span> 
     </span>
     <span class='ocr_line' id='line_1_29' title="bbox 169 2961 2195 3035; baseline -0.002 -17"><span class='ocrx_word' id='word_1_239' title='bbox 169 2963 310 3019; x_wconf 86' lang='lat' dir='ltr'>bona</span> <span class='ocrx_word' id='word_1_240' title='bbox 336 2972 454 3020; x_wconf 79' lang='lat' dir='ltr'>cett.</span> <span class='ocrx_word' id='word_1_241' title='bbox 601 2963 864 3019; x_wconf 82' lang='lat' dir='ltr'>adferant</span> <span class='ocrx_word' id='word_1_242' title='bbox 889 2965 941 3018; x_wconf 90' lang='lat' dir='ltr'><strong><em>V</em></strong></span> <span class='ocrx_word' id='word_1_243' title='bbox 960 2965 1192 3035; x_wconf 68' lang='lat' dir='ltr'>Pon-ph]</span> <span class='ocrx_word' id='word_1_244' title='bbox 1230 2962 1471 3018; x_wconf 86' lang='lat' dir='ltr'>afferant</span> <span class='ocrx_word' id='word_1_245' title='bbox 1491 2961 1677 3030; x_wconf 63' lang='lat' dir='ltr'>P‘fcg‘</span> <span class='ocrx_word' id='word_1_246' title='bbox 1816 2967 1849 3016; x_wconf 89' lang='lat'>8</span> <span class='ocrx_word' id='word_1_247' title='bbox 1886 2961 2118 3015; x_wconf 87' lang='lat' dir='ltr'>foueant</span> <span class='ocrx_word' id='word_1_248' title='bbox 2145 2962 2195 3032; x_wconf 80' lang='grc' dir='ltr'>ζ]</span> 
     </span>
     <span class='ocr_line' id='line_1_30' title="bbox 168 3034 2134 3104; baseline -0.001 -17"><span class='ocrx_word' id='word_1_249' title='bbox 168 3035 419 3091; x_wconf 84' lang='lat' dir='ltr'>foueatV</span> <span class='ocrx_word' id='word_1_250' title='bbox 450 3035 649 3091; x_wconf 88' lang='lat' dir='ltr'>fouent</span> <span class='ocrx_word' id='word_1_251' title='bbox 669 3036 816 3102; x_wconf 80' lang='lat' dir='ltr'>P&#39;fc</span> <span class='ocrx_word' id='word_1_252' title='bbox 960 3040 1026 3089; x_wconf 81' lang='lat'>12</span> <span class='ocrx_word' id='word_1_253' title='bbox 1064 3051 1228 3089; x_wconf 89' lang='lat' dir='ltr'>nemo</span> <span class='ocrx_word' id='word_1_254' title='bbox 1266 3037 1325 3089; x_wconf 84' lang='lat' dir='ltr'>te</span> <span class='ocrx_word' id='word_1_255' title='bbox 1346 3034 1525 3104; x_wconf 70' lang='lat' dir='ltr'>Pfcg]</span> <span class='ocrx_word' id='word_1_256' title='bbox 1563 3036 1622 3087; x_wconf 89' lang='lat' dir='ltr'>te</span> <span class='ocrx_word' id='word_1_257' title='bbox 1649 3049 1813 3088; x_wconf 92' lang='lat' dir='ltr'>nemo</span> <span class='ocrx_word' id='word_1_258' title='bbox 1833 3052 1867 3087; x_wconf 86' lang='grc' dir='ltr'><strong><em>ν</em></strong></span> <span class='ocrx_word' id='word_1_259' title='bbox 1903 3034 2134 3086; x_wconf 90' lang='lat' dir='ltr'>nemoV</span> 
     </span>
     <span class='ocr_line' id='line_1_31' title="bbox 171 3104 2195 3185; baseline -0.001 -25"><span class='ocrx_word' id='word_1_260' title='bbox 171 3113 232 3160; x_wconf 80' lang='lat'>14</span> <span class='ocrx_word' id='word_1_261' title='bbox 275 3109 374 3180; x_wconf 82' lang='lat' dir='ltr'>an]</span> <span class='ocrx_word' id='word_1_262' title='bbox 425 3109 488 3161; x_wconf 82' lang='lat' dir='ltr'>at</span> <span class='ocrx_word' id='word_1_263' title='bbox 523 3125 554 3163; x_wconf 85' lang='lat' dir='ltr'>c</span> <span class='ocrx_word' id='word_1_264' title='bbox 776 3106 874 3177; x_wconf 85' lang='lat' dir='ltr'>an]</span> <span class='ocrx_word' id='word_1_265' title='bbox 922 3108 983 3160; x_wconf 87' lang='lat' dir='ltr'>at</span> <span class='ocrx_word' id='word_1_266' title='bbox 1026 3125 1120 3174; x_wconf 80' lang='lat' dir='ltr'>rc,</span> <span class='ocrx_word' id='word_1_267' title='bbox 1166 3107 1316 3173; x_wconf 75' lang='lat' dir='ltr'>defic.</span> <span class='ocrx_word' id='word_1_268' title='bbox 1347 3110 1378 3171; x_wconf 84' lang='grc' dir='ltr'><em>ζ</em></span> <span class='ocrx_word' id='word_1_269' title='bbox 1608 3110 1674 3158; x_wconf 83' lang='lat'>15</span> <span class='ocrx_word' id='word_1_270' title='bbox 1720 3104 2023 3175; x_wconf 81' lang='lat' dir='ltr'>gratuitos]</span> <span class='ocrx_word' id='word_1_271' title='bbox 2068 3119 2195 3185; x_wconf 73' lang='lat' dir='ltr'>gra—</span> 
     </span>
     <span class='ocr_line' id='line_1_32' title="bbox 169 3174 2197 3248; baseline -0.002 -16"><span class='ocrx_word' id='word_1_272' title='bbox 169 3179 309 3234; x_wconf 79' lang='lat' dir='ltr'>tuito</span> <span class='ocrx_word' id='word_1_273' title='bbox 345 3180 475 3234; x_wconf 78' lang='lat' dir='ltr'>edit.</span> <span class='ocrx_word' id='word_1_274' title='bbox 627 3184 693 3232; x_wconf 81' lang='lat'>16</span> <span class='ocrx_word' id='word_1_275' title='bbox 731 3177 840 3231; x_wconf 88' lang='lat' dir='ltr'>tibi</span> <span class='ocrx_word' id='word_1_276' title='bbox 879 3178 1011 3248; x_wconf 63' lang='lat' dir='ltr'>ch‘]</span> <span class='ocrx_word' id='word_1_277' title='bbox 1052 3194 1151 3232; x_wconf 87' lang='lat' dir='ltr'>om.</span> <span class='ocrx_word' id='word_1_278' title='bbox 1183 3178 1268 3247; x_wconf 76' lang='lat' dir='ltr'>ys,</span> <span class='ocrx_word' id='word_1_279' title='bbox 1307 3184 1435 3233; x_wconf 77' lang='lat' dir='ltr'>ante</span> <span class='ocrx_word' id='word_1_280' title='bbox 1476 3176 1636 3230; x_wconf 86' lang='lat' dir='ltr'>hum:</span> <span class='ocrx_word' id='word_1_281' title='bbox 1676 3177 1840 3245; x_wconf 87' lang='lat' dir='ltr'>ponit</span> <span class='ocrx_word' id='word_1_282' title='bbox 1865 3194 1897 3230; x_wconf 84' lang='lat' dir='ltr'>r</span> <span class='ocrx_word' id='word_1_283' title='bbox 2037 3174 2197 3228; x_wconf 84' lang='lat' dir='ltr'>mde-</span> 
     </span>
     <span class='ocr_line' id='line_1_33' title="bbox 168 3246 2147 3319; baseline -0.004 -15"><span class='ocrx_word' id='word_1_284' title='bbox 168 3249 238 3303; x_wconf 78' lang='lat' dir='ltr'>ris</span> <span class='ocrx_word' id='word_1_285' title='bbox 282 3250 392 3304; x_wconf 86' lang='lat' dir='ltr'>tibi</span> <span class='ocrx_word' id='word_1_286' title='bbox 440 3251 527 3304; x_wconf 85' lang='lat' dir='ltr'>ita</span> <span class='ocrx_word' id='word_1_287' title='bbox 571 3266 802 3319; x_wconf 84' lang='lat' dir='ltr'>operam</span> <span class='ocrx_word' id='word_1_288' title='bbox 846 3249 1104 3319; x_wconf 85' lang='lat' dir='ltr'>perdere]</span> <span class='ocrx_word' id='word_1_289' title='bbox 1142 3249 1225 3302; x_wconf 89' lang='lat' dir='ltr'>ita</span> <span class='ocrx_word' id='word_1_290' title='bbox 1270 3247 1483 3302; x_wconf 85' lang='lat' dir='ltr'>uideris</span> <span class='ocrx_word' id='word_1_291' title='bbox 1526 3263 1753 3317; x_wconf 79' lang='lat' dir='ltr'>operam</span> <span class='ocrx_word' id='word_1_292' title='bbox 1790 3246 2023 3316; x_wconf 89' lang='lat' dir='ltr'>perdere</span> <span class='ocrx_word' id='word_1_293' title='bbox 2059 3248 2147 3309; x_wconf 68' lang='grc' dir='ltr'>εξ·</span> 
     </span>
     <span class='ocr_line' id='line_1_34' title="bbox 167 3315 2197 3391; baseline -0.002 -16"><span class='ocrx_word' id='word_1_294' title='bbox 167 3321 244 3374; x_wconf 81' lang='lat' dir='ltr'>ita</span> <span class='ocrx_word' id='word_1_295' title='bbox 278 3337 513 3391; x_wconf 83' lang='lat' dir='ltr'>operam</span> <span class='ocrx_word' id='word_1_296' title='bbox 542 3321 621 3391; x_wconf 77' lang='lat' dir='ltr'>yf</span> <span class='ocrx_word' id='word_1_297' title='bbox 633 3322 711 3391; x_wconf 90' lang='lat' dir='ltr'>V]</span> <span class='ocrx_word' id='word_1_298' title='bbox 750 3335 978 3389; x_wconf 88' lang='lat' dir='ltr'>operam</span> <span class='ocrx_word' id='word_1_299' title='bbox 1013 3319 1098 3374; x_wconf 85' lang='lat' dir='ltr'>ita</span> <span class='ocrx_word' id='word_1_300' title='bbox 1124 3338 1156 3374; x_wconf 82' lang='lat' dir='ltr'>r</span> <span class='ocrx_word' id='word_1_301' title='bbox 1193 3336 1422 3389; x_wconf 87' lang='lat' dir='ltr'>operam</span> <span class='ocrx_word' id='word_1_302' title='bbox 1449 3340 1482 3373; x_wconf 84' lang='lat' dir='ltr'><em>v</em></span> <span class='ocrx_word' id='word_1_303' title='bbox 1628 3325 1694 3372; x_wconf 82' lang='lat'>17</span> <span class='ocrx_word' id='word_1_304' title='bbox 1732 3318 1831 3372; x_wconf 85' lang='lat' dir='ltr'>ille</span> <span class='ocrx_word' id='word_1_305' title='bbox 1867 3318 1904 3384; x_wconf 80' lang='lat' dir='ltr'><strong><em>f</em></strong></span> <span class='ocrx_word' id='word_1_306' title='bbox 1917 3317 2012 3387; x_wconf 86' lang='lat' dir='ltr'>Vc]</span> <span class='ocrx_word' id='word_1_307' title='bbox 2050 3315 2138 3370; x_wconf 89' lang='lat' dir='ltr'>illi</span> <span class='ocrx_word' id='word_1_308' title='bbox 2166 3334 2197 3371; x_wconf 81' lang='lat' dir='ltr'>r</span> 
     </span>
     <span class='ocr_line' id='line_1_35' title="bbox 168 3388 2125 3461; baseline -0.002 -16"><span class='ocrx_word' id='word_1_309' title='bbox 168 3391 262 3446; x_wconf 89' lang='lat' dir='ltr'>illo</span> <span class='ocrx_word' id='word_1_310' title='bbox 299 3397 343 3459; x_wconf 81' lang='grc' dir='ltr'>ζ,</span> <span class='ocrx_word' id='word_1_311' title='bbox 381 3410 484 3447; x_wconf 88' lang='lat' dir='ltr'>om.</span> <span class='ocrx_word' id='word_1_312' title='bbox 517 3413 549 3461; x_wconf 76' lang='grc' dir='ltr'><em>γ</em></span> <span class='ocrx_word' id='word_1_313' title='bbox 759 3396 825 3445; x_wconf 88' lang='lat'>18</span> <span class='ocrx_word' id='word_1_314' title='bbox 864 3392 959 3460; x_wconf 90' lang='lat' dir='ltr'>(an</span> <span class='ocrx_word' id='word_1_315' title='bbox 993 3392 1082 3446; x_wconf 80' lang='lat' dir='ltr'>hic</span> <span class='ocrx_word' id='word_1_316' title='bbox 1118 3408 1258 3446; x_wconf 76' lang='lat' dir='ltr'>omn.</span> <span class='ocrx_word' id='word_1_317' title='bbox 1289 3391 1441 3445; x_wconf 81' lang='lat' dir='ltr'>codd.</span> <span class='ocrx_word' id='word_1_318' title='bbox 1665 3395 1731 3443; x_wconf 84' lang='lat'>19</span> <span class='ocrx_word' id='word_1_319' title='bbox 1769 3388 1921 3458; x_wconf 83' lang='lat' dir='ltr'>tuos]</span> <span class='ocrx_word' id='word_1_320' title='bbox 1960 3405 2059 3442; x_wconf 87' lang='lat' dir='ltr'>om.</span> <span class='ocrx_word' id='word_1_321' title='bbox 2091 3407 2125 3442; x_wconf 86' lang='grc' dir='ltr'><strong><em>ν</em></strong></span> 
     </span>
     <span class='ocr_line' id='line_1_36' title="bbox 170 3458 2123 3531; baseline -0.001 -16"><span class='ocrx_word' id='word_1_322' title='bbox 170 3469 229 3516; x_wconf 77' lang='lat'>21</span> <span class='ocrx_word' id='word_1_323' title='bbox 259 3481 426 3518; x_wconf 80' lang='lat' dir='ltr'>cursu</span> <span class='ocrx_word' id='word_1_324' title='bbox 444 3467 516 3527; x_wconf 76' lang='grc' dir='ltr'>οζ</span> <span class='ocrx_word' id='word_1_325' title='bbox 657 3468 724 3516; x_wconf 81' lang='lat'>25</span> <span class='ocrx_word' id='word_1_326' title='bbox 753 3461 954 3516; x_wconf 88' lang='lat' dir='ltr'>famul:</span> <span class='ocrx_word' id='word_1_327' title='bbox 984 3479 1085 3517; x_wconf 88' lang='lat' dir='ltr'>om.</span> <span class='ocrx_word' id='word_1_328' title='bbox 1108 3464 1139 3517; x_wconf 88' lang='lat' dir='ltr'><strong><em>b</em></strong></span> <span class='ocrx_word' id='word_1_329' title='bbox 1284 3461 1424 3515; x_wconf 91' lang='lat' dir='ltr'>oboe</span> <span class='ocrx_word' id='word_1_330' title='bbox 1479 3483 1490 3515; x_wconf 77' lang='lat' dir='ltr'>z</span> <span class='ocrx_word' id='word_1_331' title='bbox 1520 3462 1573 3531; x_wconf 82' lang='lat' dir='ltr'>r]</span> <span class='ocrx_word' id='word_1_332' title='bbox 1594 3478 1694 3516; x_wconf 87' lang='lat' dir='ltr'>om.</span> <span class='ocrx_word' id='word_1_333' title='bbox 1715 3464 1785 3525; x_wconf 77' lang='grc' dir='ltr'>σζ</span> <span class='ocrx_word' id='word_1_334' title='bbox 1809 3458 1977 3513; x_wconf 91' lang='lat' dir='ltr'>obed:</span> <span class='ocrx_word' id='word_1_335' title='bbox 2008 3465 2123 3514; x_wconf 82' lang='lat' dir='ltr'>cett.</span> 
     </span>
     <span class='ocr_line' id='line_1_37' title="bbox 171 3530 2204 3603; baseline -0 -17"><span class='ocrx_word' id='word_1_336' title='bbox 171 3540 233 3587; x_wconf 72' lang='lat'>26</span> <span class='ocrx_word' id='word_1_337' title='bbox 267 3536 355 3589; x_wconf 78' lang='lat' dir='ltr'>est</span> <span class='ocrx_word' id='word_1_338' title='bbox 390 3556 426 3589; x_wconf 83' lang='grc' dir='ltr'><strong><em>ν</em></strong></span> <span class='ocrx_word' id='word_1_339' title='bbox 461 3551 564 3589; x_wconf 85' lang='lat' dir='ltr'>om.</span> <span class='ocrx_word' id='word_1_340' title='bbox 595 3535 688 3601; x_wconf 80' lang='lat' dir='ltr'>Pf</span> <span class='ocrx_word' id='word_1_341' title='bbox 701 3535 817 3597; x_wconf 63' lang='lat' dir='ltr'>ch‘</span> <span class='ocrx_word' id='word_1_342' title='bbox 1020 3540 1085 3587; x_wconf 81' lang='lat'>27</span> <span class='ocrx_word' id='word_1_343' title='bbox 1125 3534 1521 3603; x_wconf 88' lang='lat' dir='ltr'>paupertatem</span> <span class='ocrx_word' id='word_1_344' title='bbox 1562 3531 1702 3601; x_wconf 76' lang='grc' dir='ltr'><strong><em>Γοζ]</em></strong></span> <span class='ocrx_word' id='word_1_345' title='bbox 1741 3530 2067 3600; x_wconf 86' lang='lat' dir='ltr'>paupertati</span> <span class='ocrx_word' id='word_1_346' title='bbox 2104 3532 2204 3585; x_wconf 84' lang='lat' dir='ltr'>vV</span> 
     </span>
    </p>
   </div>
   <div class='ocr_carea' id='block_1_4' title="bbox 172 3605 565 3676">
    <p class='ocr_par' dir='ltr' id='par_1_11' title="bbox 172 3605 565 3676">
     <span class='ocr_line' id='line_1_38' title="bbox 172 3605 565 3676; baseline -0.003 -2"><span class='ocrx_word' id='word_1_347' title='bbox 172 3605 494 3676; x_wconf 66' lang='lat' dir='ltr'>paupertari</span> <span class='ocrx_word' id='word_1_348' title='bbox 528 3607 565 3672; x_wconf 81' lang='lat' dir='ltr'><strong><em>f</em></strong></span> 
     </span>
    </p>
   </div>
  </div>
 </body>
</html>
