2602 4013
1007 233 1217 287 SERM.
1239 233 1291 286 H
1320 240 1352 286 3
2069 233 2194 297 145

151 397 426 477 sul<a>e,
473 402 540 458 in
591 420 712 477 qua
758 401 951 460 multa
996 402 1309 461 conficitur
1351 402 1662 461 medicina.
1746 401 1952 460 Posuit
1994 405 2196 461 autem

152 490 501 549 Anticiram
546 509 664 566 pro
707 491 1114 565 medicamine,
1160 491 1316 550 idest
1351 492 1547 550 nescio
1586 491 1637 549 si
1675 490 1865 550 omnis
1902 491 2196 550 medicina

156 579 358 639 danda
406 582 503 638 est
548 579 782 638 auaris:
828 581 1301 657 magnitudinem
1346 580 1484 639 uitii
1531 581 1819 656 expressit
1866 571 1967 660 (οζ

339 667 608 727 *Nescio
657 687 732 727 an
782 660 905 749 (v)]
995 669 1219 747 Figura.
1261 666 1512 747 λιτότης,
1557 670 1713 728 idest
1757 670 1879 728 scio
1927 660 2032 748 (P'

340 757 688 832 *Anticyra
739 758 941 816 insula
985 757 1391 834 Propontidis,
1454 761 1518 816 in
1575 777 1695 833 qua
1750 758 2004 816 multum
2060 757 2197 816 elle·
2273 769 2303 814 5

155 846 374 905 borum
430 848 731 920 nascitur,
793 846 950 922 quod
1006 847 1243 922 quidem
1298 847 1592 923 depellere
1647 846 1794 906 dicit
1847 848 2063 905 mentis
2108 849 2199 905 in-

159 937 413 995 saniam.
511 935 710 994 Tanta
769 938 860 995 est
912 936 1099 1012 igitur
1153 937 1445 994 auaritiae
1501 936 1825 1010 dementia,
1889 938 1959 993 ut
2013 937 2198 995 totius

162 1026 397 1084 insulae
448 1023 709 1083 elleboro
757 1025 956 1084 sanari
1000 1043 1120 1084 non
1165 1026 1356 1101 possit
1402 1017 1506 1104 (F'
1544 1043 1612 1084 ex
1650 1025 1860 1098 Por-ph.

349 1105 473 1172 84.
522 1110 561 1187 ἓ
581 1112 841 1172 Heredes
880 1111 940 1171 S.
969 1105 1085 1194 (c)]
1171 1112 1478 1173 Staberius
1518 1113 1760 1189 quidam
1797 1114 2200 1185 auarissimuS,

165 1222 301 1261 cum
368 1205 731 1277 moreretur,
795 1204 974 1260 iussit
1036 1202 1349 1262 heredibus
1405 1203 1657 1262 scribere
1711 1204 1776 1261 in
1832 1221 1937 1261 suo
1992 1221 2200 1261 monu-
2242 1213 2306 1259 10

164 1294 388 1365 mento,
439 1294 738 1366 quantum
785 1291 1037 1367 quisque
1085 1310 1121 1349 a
1166 1310 1227 1350 se
1272 1292 1549 1351 relictum
1595 1292 1919 1368 accepisset
1966 1283 2068 1371 (P'
2082 1292 2206 1363 ch‘

164 1399 320 1440 cons.
359 1381 578 1453 Porph.

351 1462 475 1528 87.
558 1467 744 1527 *Siue
809 1487 917 1547 ego
963 1491 1018 1546 p.
1069 1461 1192 1550 (v)]
1282 1469 1413 1528 Hoc
1468 1468 1701 1528 dicebat
1756 1468 2088 1542 Staberius,
2143 1471 2203 1538 et

167 1563 257 1617 est
310 1554 694 1635 ἀντιποφορά
749 1548 879 1636 (leq.
916 1551 1350 1639 ἀνθυποφορά)
1408 1577 1478 1616 ex
1531 1577 1784 1635 persona
1832 1561 2022 1635 ipsius
2069 1558 2203 1617 Sta-

167 1648 318 1706 berii
368 1638 555 1726 (ΓἘ
2244 1657 2308 1703 15

350 1728 472 1796 97.
551 1732 590 1810 ἓ
611 1729 962 1813 Sapiensne]
1054 1735 1180 1794 Aut
1250 1735 1648 1813 interrogatio
1723 1736 2019 1795 audientis
2095 1739 2203 1794 aut

166 1825 427 1884 dicentis
476 1823 775 1884 dubitatio
821 1815 928 1904 (P'
942 1825 1066 1896 ch'

356 1906 479 1972 98.
554 1910 592 1987 ἓ
611 1912 740 1972 Hoc
785 1914 975 1972 ueluti
1021 1906 1086 1994 (ν
1097 1905 1184 1994 ζ)]
1267 1913 1450 1983 Quasi
1492 1914 1718 1971 uirtute
1764 1916 2005 1990 paratas
2053 1914 2204 1972 diui-

167 2005 287 2063 tias
339 2003 585 2079 putauit
631 2001 706 2061 ad
751 2004 1039 2062 uirtutem
1084 2003 1381 2079 pertinere
1429 1994 1533 2084 (P'
1546 2002 1669 2074 ch

355 2085 477 2151 99.
534 2090 692 2160 Quid
736 2092 929 2151 simile
974 2092 1077 2151 isti
1114 2084 1236 2174 (ν)]
1319 2093 1496 2151 Modo
1543 2092 1716 2151 docet
1759 2093 2034 2151 insanum
2082 2110 2204 2151 esse
2243 2102 2311 2149 20

170 2201 341 2254 eum,
407 2180 514 2256 qui
577 2183 891 2256 pecuniam
953 2183 1208 2258 spernit,
1272 2183 1439 2241 cuius
1503 2199 1643 2240 usus
1700 2184 1788 2241 est
1842 2180 2207 2241 necessarius

175 2262 281 2350 (P‘
295 2271 356 2330 V
383 2286 537 2328 cons,
576 2270 784 2344 Por-ph.

361 2350 527 2417 100.
575 2358 735 2417 *Hic
771 2359 1119 2436 Aristippus
1167 2357 1425 2418 Graecus
1464 2357 1822 2434 Cyrenaicus
1869 2358 2061 2418 dictus
2099 2363 2205 2436 est,

178 2468 313 2508 cum
370 2448 530 2507 serui
586 2449 712 2506 eius
770 2467 914 2507 auro
972 2449 1172 2508 onusti
1217 2450 1461 2525 grauius
1509 2446 1905 2522 ambularent,
1968 2448 2125 2522 quod
2171 2466 2206 2505 a

176 2556 315 2615 rege
390 2539 729 2612 acceperat,
800 2538 1003 2612 iussit,
1075 2540 1144 2595 ut
1218 2536 1519 2596 abicerent
1591 2537 1761 2611 quasi
1823 2537 2206 2614 impedimen·
2246 2546 2311 2593 25

404 2706 528 2774 03.
613 2711 652 2789 ἓ
669 2713 776 2772 Nil
841 2715 970 2792 agit
1032 2714 1368 2790 exemplum
1416 2705 1536 2794 (ν)]
1629 2713 1727 2773 Ad
1787 2733 1912 2772 rem
1966 2714 2209 2772 dubiam

181 2803 566 2880 aperiendam
621 2821 793 2862 nemo
847 2806 1042 2861 utitur
1097 2802 1275 2860 dubio
1324 2806 1700 2881 argument03
1762 2803 2055 2862 incertum
2102 2806 2207 2876 est,

181 2897 383 2951 utrum
428 2893 713 2967 insaniat,
762 2893 866 2967 qui
903 2890 1156 2968 despicit
1191 2894 1474 2967 pecunias
1512 2895 1574 2950 et
1608 2891 1773 2950 nullo
1810 2892 2208 2951 moderamine

182 2985 373 3040 utitur
431 2980 508 3039 ad
565 2999 664 3039 eas
720 2979 1170 3057 dispertiendus.
1262 2981 1344 3040 Et
1398 2981 1511 3039 ait:
1579 2980 2075 3055 quemadmodum
2118 2983 2207 3038 in-
2246 2991 2315 3038 30

184 3073 339 3130 sanit
403 3072 780 3146 contemptor
842 3071 1157 3146 pecuniae,
1220 3070 1310 3127 ita
1374 3072 1435 3130 et
1490 3088 1723 3128 auarus,
1817 3067 1933 3128 Sed
1986 3073 2046 3128 et
2097 3069 2208 3128 hoc

358 3264 392 3311 4
433 3257 534 3328 an]
572 3273 674 3310 om.
705 3277 738 3310 ν
882 3256 997 3310 scio
1035 3257 1226 3310 litotes
1266 3256 1359 3327 fi}
1391 3276 1424 3310 v
1569 3263 1600 3311 5
1639 3254 1919 3326 anticyra]
1957 3272 2057 3309 om.
2091 3257 2144 3307 Γ

192 3329 426 3382 multum
455 3328 515 3399 v]
554 3344 657 3382 om.
690 3331 743 3380 Γ
879 3333 910 3380 9
950 3328 1139 3398 auarz]
1175 3327 1573 3382 ueracissimus
1610 3326 1722 3380 fuit
1748 3329 1816 3391 σζ
1959 3331 2025 3379 14
2061 3343 2212 3379 αντι-

192 3419 418 3468 ποφορα
456 3420 489 3468 γ
530 3398 907 3469 antipophora
943 3416 1016 3452 rv
1055 3399 1374 3468 antipofora
1412 3399 1473 3452 Ε
1632 3404 1697 3451 16
1735 3414 1798 3451 sa
1838 3397 2070 3466 iensque
2108 3417 2141 3450 ν

190 3477 248 3525 17
278 3470 522 3526 dicentis
551 3469 648 3539 P']
679 3469 1080 3540 interrogantis
1094 3471 1206 3534 ch
1347 3475 1416 3524 20
1445 3486 1573 3524 eum
1601 3485 1721 3523 esse
1749 3489 1781 3537 γ
1849 3468 1872 3538 ]
1901 3484 2001 3523 om.
2031 3489 2064 3522 ν
2093 3484 2212 3522 esse

188 3559 310 3596 eum
346 3561 377 3597 r
588 3547 657 3594 24
694 3541 883 3595 onusti
919 3542 976 3612 ν]
1012 3541 1241 3595 honusti
1277 3547 1393 3596 cett.
1602 3547 1668 3593 31
1707 3540 1791 3594 ita
1819 3571 1888 3578 —
1914 3540 2213 3611 pecuniae]

188 3630 283 3667 om.
315 3616 345 3678 ζ
367 3618 600 3683 propter
635 3613 1086 3667 homoeoteleuton
1228 3612 1314 3666 ita
1352 3614 1410 3667 et
1435 3613 1488 3683 c]
1526 3614 1584 3665 et
1611 3613 1694 3666 ita
1721 3609 1792 3666 Γ’
1804 3611 1841 3677 f
1850 3610 1903 3664 V

288 3713 658 3752 annacnom
687 3721 894 3752 nouom
921 3721 973 3751 n«
999 3712 1280 3752 Bou-nvnc.
1336 3711 1398 3750 11.
1828 3703 1894 3752 10
