2602 4013
303 206 352 258 X
1105 203 1517 257 PRAEFATIO

298 376 691 448 interpretum
754 373 1337 448 praestantissimum
1398 372 1707 431 referenda
1772 389 1895 431 esse
1958 390 2031 430 ne
2087 371 2331 430 stultior

301 463 541 537 quidem
589 462 765 520 homo
812 460 987 520 hodie
1033 461 1366 536 putauerit,
1420 462 1622 520 tamen
1666 461 1859 519 multa
1901 461 2031 518 ueri
2074 458 2325 519 Acronis

298 552 460 610 dicta
503 552 729 626 partim
777 550 1038 626 integra,
1092 549 1316 624 partim
1363 552 1563 624 aucta,
1608 551 1832 625 partim
1878 549 2184 608 decurtata
2230 550 2326 606 uel

298 642 417 699 alio
464 638 636 698 modo
685 640 920 696 uariata
964 639 1029 695 in
1072 639 1148 697 iis
1183 638 1375 697 inesse
1410 639 1733 698 uerisimile
1771 641 1875 697 est.
1949 636 2106 719 Quin
2143 639 2325 695 etiam

297 748 527 800 eorum,
582 745 736 803 quae
782 726 1181 802 Porphyrioni
1235 727 1297 784 et
1340 726 1741 787 Pseudacroni
1790 728 2125 786 communia
2170 728 2325 800 sunt,

296 819 530 895 partem
578 816 842 891 aliquam
886 835 956 874 ex
1001 834 1144 874 uero
1180 812 1433 875 Helenio
1478 817 1714 876 fluxisse
1761 817 2055 892 suspicari
2095 814 2323 873 licebit:

296 926 438 965 nam
464 923 828 982 quamquam
854 902 1327 979 Porphyrionem
1363 906 1596 981 aliquot
1623 905 1873 965 saeculis
1902 906 2039 962 ante
2068 903 2323 962 Pseuda-

297 1014 532 1055 cronem
588 989 664 1051 A‘
710 991 1012 1068 scripsisse
1067 994 1365 1051 neminem
1418 995 1642 1071 fugerit
1700 987 1800 1075 (cf.
1850 1012 2000 1068 quae
2056 993 2127 1051 de
2180 992 2322 1051 Por-

295 1082 605 1160 phyrionis
671 1083 866 1140 aetate
931 1084 992 1140 et
1054 1082 1252 1157 patria
1307 1084 1370 1140 in
1425 1084 1866 1161 philologorum
1918 1081 2323 1140 Bonnensium

296 1173 568 1249 symbola
611 1191 668 1246 p.
709 1172 1056 1230 491—499
1100 1174 1160 1229 et
1204 1171 1268 1228 in
1309 1171 1587 1231 editionis
1623 1173 1833 1231 Horat.
1872 1171 2119 1229 alterius
2155 1189 2321 1246 prae-

297 1262 522 1321 fatione
565 1281 623 1336 p.
662 1259 972 1318 LXXVIII
1018 1253 1350 1341 exposui*),
1394 1264 1597 1320 tamen
1632 1262 1852 1320 nostris
1891 1260 2128 1319 scholiis
2165 1258 2324 1316 haud

294 1369 487 1427 pauca
523 1352 746 1422 insunt,
784 1367 936 1424 quae
974 1351 1081 1408 aut
1115 1348 1365 1408 meliora
1401 1353 1508 1408 aut
1543 1351 1738 1409 minus
1775 1348 1990 1406 mutila
2024 1349 2323 1425 leguntur,

299 1459 478 1515 quam
525 1438 683 1516 apud
727 1437 1214 1513 Porphyrionem.
1309 1438 1629 1508 Quoniam·
1654 1439 1841 1516 igitur
1884 1436 2216 1513 Porphyrio
2263 1439 2323 1494 et

216 1572 219 1575 -
294 1529 670 1587 Pseudacron
726 1526 1044 1586 admodum
1094 1528 1226 1585 arta
1280 1527 1632 1606 cognatione
1686 1528 1844 1585 inter
1897 1544 1960 1585 se
2023 1525 2322 1586 coniuncti

295 1619 455 1690 sunt,
491 1618 647 1675 hunc
684 1633 818 1673 cum
853 1615 960 1673 illo
998 1633 1317 1693 congruere
1354 1616 1665 1691 permultis
1704 1617 1848 1675 locis
1886 1615 2318 1687 adnotauimuS,

293 1704 593 1764 interdum
648 1706 829 1764 etiam
877 1702 952 1762 ad
1003 1704 1432 1763 emendandum
1476 1704 1902 1764 Pseudacronis
1948 1706 2176 1761 textum
2220 1721 2320 1759 ue-

294 1797 607 1854 tustiorem
652 1795 825 1852 illum
871 1792 1250 1853 adhibuimus
1296 1794 1695 1853 scholiastam.

728 2168 825 2226 De
873 2170 1432 2227 commentatore
1482 2165 1894 2242 Oruquiano

470 2309 556 2368 At
610 2313 784 2369 erunt
846 2327 987 2368 sane
1053 2311 1157 2384 qui
1213 2308 1530 2382 mirentur,
1596 2308 1756 2383 quod
1816 2303 2320 2366 ‘commentatoris

296 2394 667 2474 Gruquiani',
713 2418 887 2474 quem
933 2418 1006 2457 ne
1051 2417 1202 2457 unus
1250 2397 1491 2473 quidem
1528 2399 1792 2456 omnium
1828 2397 2065 2455 nostrae
2104 2396 2317 2453 aetatis

295 2487 732 2565 philologorum
777 2504 1017 2563 prorsus
1054 2504 1327 2563 spernere
1366 2505 1542 2545 ausus
1579 2490 1687 2561 est,
1732 2485 1901 2543 nulla
1937 2485 2120 2543 ferme
2157 2485 2318 2542 facta

295 2579 375 2636 sit
437 2578 676 2635 mentio.
770 2576 886 2634 Sed
947 2578 1074 2634 iure
1139 2595 1210 2634 ex
1264 2578 1559 2651 apparatu
1613 2576 1814 2633 nostro
1872 2573 2139 2633 exclusus
2194 2590 2317 2631 esse

294 2666 594 2743 putandus
632 2668 737 2739 est,
780 2666 998 2740 quippe
1038 2663 1141 2739 qui
1176 2664 1329 2723 nihil
1365 2664 1529 2723 aliud
1566 2666 1656 2723 est
1690 2664 1808 2721 nisi
1842 2662 2099 2721 milliens
2135 2660 2316 2719 inter-

294 2756 502 2830 polata
547 2756 608 2812 et
651 2756 968 2812 immutata
1015 2754 1373 2812 scholiorum
1420 2752 1536 2810 ΓΖ
1577 2754 1832 2829 farrago

476 2841 765 2918 Cruquius
810 2845 937 2917 ipse
977 2844 1043 2900 in
1077 2842 1446 2918 praefatione
1484 2836 1585 2899 ‘ad
1621 2840 1902 2899 lectorem
1938 2832 2317 2899 beneuolum'

294 2933 517 3008 scripta
576 2931 647 3099 ‹)ie
708 2925 1217 2990 commentatore’
1276 2949 1383 2990 suo
1447 2931 1592 2989 haec
1655 2930 1863 2988 narrat
1928 2918 2088 3008 (edit.
2147 2929 2269 2986 157
2278 2929 2315 2986 8

284 3040 348 3095 Ῑ).
391 3042 421 3074 *
462 3040 495 3073 *
535 3023 575 3078 3
617 3064 632 3078 .

474 3104 566 3166 ‘In
624 3110 884 3185 antiquis
940 3107 1377 3168 commentariis
1433 3110 1555 3166 iam
1618 3107 1848 3183 pridem
1910 3106 1975 3164 in
2038 3108 2317 3182 quartum

293 3198 568 3271 odarum,
619 3197 836 3274 epodos
884 3200 945 3257 et
990 3200 1223 3273 satyras
1268 3196 1584 3274 euulgaffis,
1628 3196 1816 3256 lector
1861 3195 2127 3268 candide,
2171 3212 2316 3251 non-

468 3366 699 3431 Quas
755 3365 1044 3435 opiniones
1098 3381 1252 3419 meas
1307 3380 1407 3434 per
1462 3362 2315 3434 Landgrafium‚Wessne1-um,

293 3438 634 3504 ῈόΙιιᾱθιιιιι,
691 3436 1093 3506 Kiesslingium
1148 3436 1401 3505 aliosque
1455 3436 1655 3489 harum
1707 3452 1892 3491 rerum
1947 3432 2354 3515 peritissimos=

291 3509 442 3563 uiros
497 3526 609 3563 non
666 3509 846 3562 solum
901 3455 1331 3577 comprobatasq
1372 3507 1470 3561 sed
1528 3506 1700 3560 etiam
1753 3506 1915 3559 nouis
1971 3504 2315 3575 argumentis

291 3582 512 3652 gaudeo
551 3597 670 3635 esse
709 3580 1061 3634 confirmatas
