2602 4013
379 196 462 265 76
1035 200 1282 258 scflot.
1304 201 1443 257 P‘V
1461 198 1542 255 m
1579 199 1745 267 ΗΘΒ.

376 370 565 443 errat,
623 387 732 429 nos
778 388 973 429 nonne
1020 369 1296 430 debemus
1343 370 1628 429 honorem
1672 369 2034 429 merentibus
2081 388 2263 446 quam
2307 390 2423 430 no·-

376 456 638 518 bilibus‘?
686 451 1022 540 (P'bfch

561 558 675 625 19.
760 563 798 640 ξ
817 562 975 624 Nam
1030 567 1156 624 esto
1214 556 1329 647 (c)]
1419 563 1550 625 Hoc
1606 565 1778 640 quasi
1831 564 2219 642 praecedente
2275 565 2424 626 sub-

373 654 629 713 iectione
675 653 849 728 dicit,
903 654 1074 730 quasi
1120 655 1339 729 aliquis
1387 653 1573 714 dicat:
1636 655 1829 732 magis
1875 653 2081 713 debuit
2125 655 2423 715 honorem

306 753 338 801 5
378 743 644 819 accipere
680 737 1081 821 L<a>euinus,
1126 744 1304 802 homo
1351 743 1772 818 nobilissimus,
1821 762 2000 818 quam
2035 745 2233 804 nescio
2272 745 2420 820 quis

374 832 632 910 ignotus.
727 830 838 890 Cui
880 833 971 890 ita
1015 831 1357 908 respondet:
1421 831 1703 907 concedo,
1759 831 1920 907 quod
1963 834 2156 911 magis
2203 833 2425 893 debuit

375 921 632 997 populus
678 920 961 980 mandare
1005 922 1289 980 honorem
1326 920 1554 981 Leuino
1601 920 1807 995 nobili,
1854 923 2129 997 quamuis
2163 923 2422 1000 ignauo,

377 1025 558 1085 quam
611 1006 796 1068 Decio
852 1006 1129 1086 ignobili,
1195 1012 1469 1084 quamuis
1524 1011 1683 1069 forti.
1789 1008 1984 1078 Quare
2040 1012 2243 1070 autem
2294 1012 2422 1072 hoc

376 1095 673 1158 concedo?
763 1097 917 1167 Quia
972 1097 1146 1158 debet
1198 1101 1603 1174 unusquisque
1659 1101 1971 1159 contentus
2030 1118 2155 1160 esse
2201 1100 2422 1160 ordine

266 1184 339 1248 '10
375 1204 498 1246 suo.
589 1183 672 1245 Et
723 1186 822 1247 hic
876 1187 1182 1265 βιωφελῶς
1238 1187 1411 1248 docet
1463 1206 1943 1264 unumquemque
1989 1187 2199 1248 debere
2244 1192 2420 1250 sorte

373 1277 618 1352 propria
664 1276 1008 1335 contentum
1053 1294 1178 1336 esse
1225 1268 1331 1357 (P'
1343 1276 1424 1349 bf
1434 1275 1557 1348 ch

552 1373 670 1441 20.
745 1381 908 1442 Idest
961 1381 1240 1458 concede,
1298 1383 1458 1458 quod
1510 1385 1669 1442 recte
1723 1384 2020 1459 potuisset
2064 1364 2270 1443 censor
2313 1405 2418 1445 re-

374 1489 752 1638 ῧξιὲιῗγωο
800 1490 837 1529 a
881 1473 1109 1546 senatu,
1156 1490 1290 1530 cum
1335 1491 1457 1531 non
1502 1489 1688 1532 essem
1731 1472 1981 1532 honesto
2017 1475 2190 1549 patre
2227 1476 2419 1539 natus

270 1676 336 1726 15
555 1659 671 1725 20.
722 1659 839 1727 21.
885 1665 1266 1742 *censorque
1301 1687 1379 1724 m.
1416 1666 1487 1725 A.
1530 1659 1643 1749 (c)]
1724 1665 1842 1726 Hic
1877 1670 1969 1728 est
2003 1669 2255 1746 Appius,
2300 1672 2424 1746 qui

377 1754 688 1814 libertinos
733 1757 798 1813 in
842 1755 1100 1815 urbanas
1145 1755 1337 1815 tribus
1382 1756 1617 1834 redegit
1664 1747 1896 1838 (P'bcg

556 1853 671 1920 22.
719 1859 757 1936 ξ
781 1857 883 1920 ‘In
910 1864 1153 1938 propria
1179 1863 1337 1938 pelle
1348 1855 1368 1885 '
1372 1907 1388 1938 ,
1414 1863 1481 1921 in
1506 1864 1751 1940 proprio
1780 1863 2001 1922 ordine.
2033 1875 2038 1881 ·
2086 1863 2413 1940 Sumptum
2511 1888 2518 1893 ·

373 1951 466 2009 est
507 1952 716 2010 autem
759 1969 831 2010 ex
874 1950 1219 2028 prouerbio3
1282 1970 1424 2010 nam
1468 1970 1588 2011 non
1634 1952 1933 2028 quiescere
1977 1951 2236 2029 pellibus
2282 1955 2420 2015 suis

375 2040 625 2100 dicimus
690 2059 816 2115 eos,
878 2043 984 2116 qui
1037 2039 1355 2101 humiliore
1409 2041 1539 2100 loco
1593 2043 1726 2101 nati
1778 2043 2010 2101 maiora
2064 2042 2422 2103 desiderant

263 2137 336 2187 20
377 2118 707 2208 (P'bfch
737 2131 868 2187 sim.
903 2130 1114 2204 Por-ph.

553 2226 669 2296 23.
753 2231 929 2311 §Sed
1001 2235 1267 2314 fulgente
1316 2228 1470 2319 (εζ)]
1564 2237 1679 2296 Sed
1749 2239 1816 2296 in
1887 2237 2155 2317 fulgente
2230 2257 2412 2298 curru

373 2324 567 2401 gloria
614 2343 765 2399 quae
809 2327 950 2400 stat,
995 2324 1173 2384 illicit
1209 2326 1285 2384 ad
1323 2345 1384 2385 se
1420 2329 1547 2385 tam
1582 2326 1892 2404 ignobiles,
1939 2346 2121 2402 quam
2157 2327 2413 2390 nobileS.

370 2408 456 2471 Et
501 2416 592 2473 est
637 2414 758 2473 alia
804 2412 1118 2474 subiectio:
1166 2415 1375 2492 gloria,
1423 2434 1574 2490 quae
1620 2416 1744 2475 stat
1786 2417 1852 2474 in
1898 2434 2074 2474 curru
2118 2416 2416 2494 fulgente,

372 2504 464 2561 ita
506 2501 700 2561 trahit
743 2503 1032 2579 homineS,
1079 2505 1251 2578 quasi
1295 2501 1382 2562 ibi
1427 2504 1606 2581 ligati
1652 2506 1773 2564 sint
1819 2497 1923 2585 (Γ
1934 2505 1967 2562 b
1982 2506 2104 2577 ch

266 2615 334 2667 25
553 2608 671 2668 Sed
714 2610 981 2688 fulgente
1026 2600 1149 2691 (ν)]
1233 2609 1351 2669 Sed
1396 2610 1554 2669 dicet
1598 2612 1845 2687 aliquis:
1889 2612 2102 2689 gloria,
2150 2631 2305 2687 quae
2342 2615 2410 2672 in

374 2717 550 2757 curru
604 2695 844 2757 uehitur
897 2699 1191 2776 fulgente,
1247 2717 1365 2758 non
1410 2702 1648 2758 tantum
1693 2699 1922 2760 nobiles
1969 2701 2046 2759 ad
2092 2720 2153 2761 se
2199 2702 2417 2779 trahit,

373 2787 476 2846 sed
521 2788 704 2845 etiam
747 2787 1040 2865 ignobiles
1089 2779 1309 2869 (P'bV

373 2975 489 3063 (F'
510 2893 956 3054 :gonstrictos
1005 2885 1205 2975 (νοζ)]
1290 2893 1633 2971 Cupiditate
1687 2896 1895 2972 plenos
1941 2897 2039 2955 uel
2082 2897 2414 2973 impeditos

558 3000 592 3041 c

552 3230 580 3277 1
609 3224 819 3295 nonne]
847 3237 960 3276 non
980 3224 1080 3293 yV
1214 3211 1246 3277 6
1264 3224 1561 3292 respondit
1577 3226 1653 3291 rf
1677 3224 1982 3294 respondet
1998 3231 2115 3281 cett.
2266 3233 2414 3283 901·-

371 3294 600 3348 dine-
628 3294 777 3365 esse]
822 3312 926 3349 om.
957 3299 1009 3361 ζ,
1047 3301 1274 3363 propter
1320 3296 1769 3350 homoeoteleuton
1986 3302 2053 3350 10
2087 3299 2409 3371 βιωφελῦς]

369 3363 666 3435 piophelos
702 3367 740 3432 f
758 3365 906 3437 ssiop
908 3365 1066 3419 helos
1103 3367 1151 3432 b,
1189 3367 1433 3434 spatium
1467 3367 1714 3421 relictum
1747 3369 1812 3420 in
1850 3384 1878 3421 c
2068 3376 2133 3422 17
2171 3370 2238 3422 In
2276 3388 2406 3440 pro-

368 3437 495 3505 pria
530 3435 706 3507 pelle]
742 3437 918 3491 exhib.
946 3438 1027 3503 bf
1052 3455 1124 3489 m
1154 3453 1256 3505 pro
1292 3453 1323 3490 c
1350 3453 1450 3492 om.
1479 3445 1594 3493 cett
1744 3443 1810 3492 18
1848 3440 1935 3493 est
1972 3440 2187 3512 autem]
2219 3445 2313 3496 eet
2335 3446 2417 3507 οζ

369 3510 560 3562 autem
597 3509 686 3561 est
719 3510 791 3562 rb
963 3513 1028 3562 21
1070 3506 1202 3579 Sed]
1241 3507 1426 3561 Aliter
1463 3509 1562 3562 sed
1597 3510 1630 3563 b
1803 3513 1871 3563 24
1910 3511 2025 3564 sint
2058 3512 2416 3584 rbefflsunt

370 3580 515 3648 yvV
652 3584 718 3632 25
759 3578 900 3632 dicit
933 3600 967 3648 »y
1113 3583 1181 3632 28
1217 3579 1313 3633 uel
1346 3579 1588 3651 imped:]
1629 3597 1729 3635 om.
1762 3581 1793 3634 b
1828 3581 2078 3650 ipeditos
2117 3603 2149 3652 y
