2602 4013
772 1154 1591 1238 EPISTVLARVM
1635 1154 1982 1235 LIBER
2028 1153 2138 1234 H.

1291 1352 1537 1412 EPIST.
1579 1356 1612 1412 1

627 1489 691 1557 l.
742 1496 1017 1574 Augusto
1063 1495 1311 1571 petenti,
1355 1498 1425 1554 ut
1471 1493 1702 1570 aliquid
1749 1494 1865 1553 sibi
1910 1496 2106 1569 operis
2152 1493 2446 1563 dedicaret,

442 1585 648 1644 scribit
679 1585 964 1644 Horatius
1010 1585 1143 1644 ideo
1182 1602 1242 1643 se
1278 1584 1395 1643 huc
1431 1602 1618 1660 usque
1655 1602 1775 1641 non
1803 1584 2028 1656 fecisse,
2074 1602 2150 1641 ne
2176 1583 2449 1640 iacturam
2538 1646 2539 1649 Ἴ

372 1687 404 1734 5
438 1674 526 1733 rei
571 1674 845 1750 publicae
884 1675 1122 1747 faceret,
1168 1675 1220 1731 si
1257 1672 1525 1732 uersibus
1564 1674 1685 1731 suis
1718 1670 2030 1730 Gaesarem
2069 1690 2105 1729 a
2141 1691 2205 1731 re
2232 1669 2448 1747 publica

443 1766 763 1825 semcaret.
855 1761 1082 1821 Deinde
1136 1762 1432 1837 paulatim
1478 1762 1554 1821 ad
1597 1762 1709 1820 hoc
1755 1761 2086 1835 descendit,
2147 1763 2220 1819 ut
2262 1759 2328 1816 de
2371 1759 2446 1814 iu-

443 1853 596 1912 dicio
660 1851 944 1927 temporis
1005 1854 1312 1926 queratur,
1379 1871 1494 1926 quo
1553 1853 1829 1926 antiquos
1887 1852 2097 1925 poetas
2154 1848 2446 1907 laudamus
2538 1874 2539 1901 ÷

440 1943 652 2000 merito
698 1940 1044 2016 uetustatiS,
1099 1958 1284 2000 nouos
1332 1939 1790 2014 contemnimus,
1840 1940 2023 1997 etiam
2070 1938 2123 1997 si
2168 1935 2445 1996 ueteribus
2538 1950 2539 1955 ¹

440 2034 672 2106 possint
717 2050 840 2090 esse
887 2030 1159 2089 meliores
1206 2022 1425 2109 (Pabf
1438 2031 1493 2088 V
2538 2033 2539 2104 ]

337 2132 404 2180 10
617 2120 765 2178 Mire
832 2113 1085 2193 ‘solus'3
1160 2121 1408 2194 apparet
1474 2120 1634 2177 enim
1697 2118 1928 2176 deuicto
1994 2118 2119 2175 iam
2181 2113 2446 2186 Antonio,

443 2213 676 2268 mortuo
723 2208 967 2284 Lepido,
1014 2208 1118 2283 qui
1162 2207 1465 2266 triumuiri
1509 2226 1647 2266 cum
1691 2206 1968 2283 Augusto
2016 2207 2270 2280 fuerant,
2312 2205 2444 2262 hanc
2538 2235 2539 2270 ;

444 2297 758 2374 epistolam
805 2298 880 2355 ad
927 2295 1236 2356 Caesarem
1286 2296 1571 2371 scriptam
1617 2289 1837 2376 (Pabf
1852 2296 1906 2354 V

624 2379 690 2446 2.
738 2385 1042 2444 *Moribus
1090 2387 1231 2459 suis,
1278 2388 1386 2443 aut
1424 2405 1569 2461 quos
1608 2385 1836 2443 ciuibus
1872 2402 1982 2459 pro
2021 2384 2156 2462 lege
2194 2380 2449 2458 inposuit,
2538 2379 2539 2438 4

446 2473 546 2532 sed
591 2475 807 2533 melius
854 2476 974 2534 suis
1023 2470 1241 2556 (Pabf
2538 2523 2539 2558 ᾗ

345 2574 411 2623 15
631 2557 696 2623 ὃ.
746 2562 991 2623 Sensus:
1029 2563 1189 2622 tanti
1222 2563 1361 2637 uiri,
1397 2562 1553 2621 idest
1591 2581 1737 2637 quos
1776 2558 2143 2621 consecratio
2178 2558 2449 2626 manebat,
2538 2577 2539 2586 ¹

450 2651 743 2709 inuidiam
775 2652 946 2711 inter
991 2671 1128 2711 suos
1174 2652 1337 2729 passi
1382 2655 1542 2725 sunt,
1590 2653 1815 2726 quanto
1860 2653 1931 2709 tu
1975 2651 2283 2725 maiorem,
2335 2664 2448 2705 cum

449 2741 747 2817 praesenti
793 2742 906 2800 tibi
950 2741 1241 2819 largimur
1285 2742 1537 2800 honores
1585 2732 1674 2821 (Γ
1685 2763 1724 2798 α
1743 2740 1775 2798 b
1800 2740 1855 2797 V

628 2830 902 2889 Laudata
956 2831 1182 2888 uirtute
1230 2827 1497 2888 Caesaris
1553 2829 1700 2887 dicit
1746 2829 1802 2886 ei
1847 2828 1960 2887 soli
2007 2825 2343 2904 contigisse,
2390 2823 2450 2878 ut
2538 2891 2539 2902 ἵ

451 2918 741 2978 inuidiam
785 2922 964 2978 uiuus
1010 2920 1289 2977 uinceret.
1383 2918 1464 2976 Et
1510 2922 1601 2976 est
1647 2916 1816 2976 ordo:
1861 2916 2153 2976 Romulus
2201 2918 2258 2974 et
2298 2910 2451 2972 Liber

345 3020 414 3068 20
453 3007 658 3082 Pater,
723 3007 866 3066 dum
927 3011 1117 3067 terras
1179 3009 1605 3081 hominumque
1670 3025 1854 3083 genus
1912 3007 2118 3065 colunt
2173 3008 2232 3064 et
2282 3003 2451 3062 cetera

629 3254 661 3301 4
700 3248 917 3320 scribit]
957 3246 1184 3317 scripsit
1221 3248 1274 3301 V
1425 3247 1578 3318 ideo]
1617 3246 1679 3300 id
1716 3246 1844 3300 ideo
1884 3247 2073 3316 Pauly
2251 3250 2280 3298 6
2316 3254 2450 3295 seuc-

452 3321 607 3373 caret
641 3321 809 3391 roeV]
849 3321 1138 3374 reuocaret
1173 3319 1295 3387 ybf
1432 3317 1636 3372 deinde
1672 3317 1809 3386 paul
1821 3317 1859 3388 :]
1898 3316 2184 3371 Paulatim
2220 3317 2392 3370 autem
2421 3309 2447 3362 b

452 3391 736 3444 Paulatim
776 3393 830 3446 V
1014 3396 1046 3444 8
1084 3389 1503 3450 contemnimus,
1530 3408 1561 3444 r
1580 3406 1669 3457 pr.
1701 3389 1757 3471 γ]
1798 3389 2245 3457 contempnimus
2279 3404 2308 3440 r
2330 3397 2447 3439 corr·

452 3463 579 3528 ocbf
593 3463 646 3516 V
783 3467 848 3515 15
886 3461 1036 3516 idest
1072 3477 1212 3529 quos
1250 3460 1352 3531 K.]
1390 3461 1614 3528 iniquos
1655 3461 1708 3514 V
1735 3477 1794 3513 111
1832 3476 1972 3527 quos
2009 3466 2124 3513 cett.
2268 3461 2328 3509 16
2352 3466 2451 3506 ma-

454 3532 630 3585 iorem
651 3533 751 3601 K]
781 3533 1019 3586 maiores
1047 3532 1199 3587 codd.
1224 3532 1481 3585 Hauthal
1626 3535 1690 3584 19
1718 3532 1886 3584 uiuus
1907 3562 1976 3572 —
1995 3529 2235 3601 faciunt]
2264 3541 2394 3583 om.r

453 3602 733 3671 uinceret]
772 3603 1057 3656 euinceret
1094 3622 1119 3655 ε
1264 3604 1323 3656 et
1361 3604 1446 3654 est
1483 3602 1642 3672 ordo]
1682 3618 1781 3656 om.
1814 3620 1839 3655 ε
