2602 4013
1045 248 1253 302 SERM.
1273 248 1299 301 I
1322 255 1349 302 1
1451 296 1460 309 ,
2175 250 2215 313 5

195 415 421 491 quando
477 416 766 475 feminino
824 411 1002 475 ‘haec
1056 411 1305 492 crusta',
1369 419 1708 495 fragmenta
1764 418 2086 496 significat,
2150 421 2220 477 ut

196 505 340 580 apud
386 505 644 563 eundem
688 505 1012 582 Virgilium
1061 497 1273 586 (ycory.
1312 505 1405 564 ΠΙ
1445 499 1631 587 360):

453 627 853 688 Concrescunt
899 629 1128 688 subitae
1177 631 1439 690 currenti
1484 631 1547 688 in
1594 631 1836 689 flumine
1883 633 2115 690 crustae

199 763 300 851 (Γ
314 771 693 919 fgrfistula
739 853 855 942 (c)]
937 861 1251 921 Placentas
1299 854 1403 942 (P'
1415 863 1488 920 bc
1499 863 1531 933 ζ
1727 888 1730 889 ⁷
2293 875 2324 920 ὅ

362 941 483 1008 27.
559 949 770 1008 *Ludo
820 944 972 1030 (6ζ)]
1054 951 1250 1009 Rebus
1297 951 1657 1010 iocularibus
1706 943 1811 1031 (Γ
1823 952 1940 1022 ὂοζ

360 1037 580 1096 *Seria
626 1031 781 1119 (6ζ)]
863 1039 1211 1098 Necessaria
1260 1031 1366 1121 (P'
1377 1041 1529 1113 bfcg‘

363 1120 485 1186 28.
569 1127 860 1187 *Terram
925 1128 1028 1203 qui
1085 1129 1270 1187 uertit
1324 1131 1525 1188 aratro
1584 1120 1700 1210 (6)]
1793 1127 1908 1197 Qui
1962 1131 2220 1188 rusticae

191 1217 352 1274 uitae
401 1216 604 1275 studet
651 1208 756 1297 (F'
767 1217 921 1289 bfo}

364 1297 486 1365 30.
560 1305 730 1365 *Hac
785 1307 983 1364 mente
1031 1298 1145 1387 (6)]
1240 1305 1369 1366 Hoc
1425 1306 1698 1380 consilio,
1752 1307 1865 1365 hoc
1910 1307 2219 1382 proposito
2260 1317 2326 1365 10

213 1389 298 1452 1⁷¹
311 1395 394 1465 6ζ

187 1392 211 1475 (
365 1475 485 1542 32.
569 1481 817 1558 §Aiunt
881 1503 1017 1542 cum
1072 1482 1188 1542 sibi
1244 1502 1286 1542 s.
1330 1475 1453 1585 (ν)]
1546 1483 1687 1543 Ideo
1743 1484 1950 1543 dicunt
2005 1501 2129 1543 sese
2187 1503 2223 1542 a

182 1574 383 1649 prima
430 1573 627 1631 aetate
672 1573 970 1646 laborare,
1017 1575 1087 1631 ut
1129 1571 1393 1631 habeant
1437 1573 1499 1631 in
1548 1574 1849 1632 senectute
1898 1564 2001 1653 (Γ
2013 1573 2094 1645 bf
2105 1573 2227 1644 Vc&

362 1659 650 1719 *Cibaria
697 1653 756 1743 (6
767 1654 852 1743 Q]
935 1661 1193 1736 Viatica,
1240 1662 1525 1720 alimenta
1574 1656 1679 1744 (P'
1690 1662 1845 1735 bfcg‘

250 1819 256 1823 ⁹
365 1742 487 1809 33.
545 1749 746 1808 *Nam
793 1751 1059 1826 exemplo
1106 1753 1198 1809 est
1243 1742 1361 1832 (c)]
1442 1750 1821 1811 Parenthesis
1870 1742 1975 1832 (P‘
1986 1750 2137 1823 bfcg
2262 1761 2326 1809 15

362 1839 617 1916 *Magni
645 1838 865 1898 laboris
897 1831 1020 1920 (v)]
1088 1839 1378 1916 Magnum
1407 1833 1640 1920 (magni
1668 1832 1825 1922 edit.)
1856 1839 2221 1898 antitheton.

182 1929 443 2004 paruula
490 1929 693 2006 magni
737 1928 956 1987 laboris
1006 1920 1109 2009 (Γ’
1120 1928 1192 1999 6ζ
1225 1945 1376 1987 cons.
1406 1928 1618 2002 Porph.

367 2010 488 2077 35.
535 2017 713 2077 Haud
758 2020 970 2095 ignara
1016 2037 1085 2077 ac
1122 2037 1239 2078 non
1277 2017 1524 2077 incauta
1559 2018 1749 2077 futuri
1788 2011 1852 2098 (y
1867 2010 1981 2099 V)]
2065 2016 2222 2086 Quia

183 2107 462 2182 formica,
521 2126 699 2182 quam
743 2110 813 2165 tu
860 2107 935 2165 ad
983 2108 1316 2181 exemplum
1360 2108 1575 2182 trahis,
1631 2107 1693 2165 in
1742 2127 1809 2166 eo
1857 2106 2087 2167 cautior
2133 2108 2224 2165 est

186 2216 367 2272 quam
401 2199 492 2269 tu,
532 2197 689 2271 quod
726 2215 832 2271 per
865 2196 1121 2255 hiemem
1156 2198 1475 2271 requiescit
1512 2200 1572 2256 et
1602 2196 1796 2255 utitur
1821 2196 2220 2272 praeparatis·
2259 2205 2327 2253 20

183 2290 250 2343 tu
298 2288 521 2359 autem,
566 2287 634 2343 ut
679 2304 850 2343 nemo
890 2285 968 2344 sit
1004 2287 1063 2343 te
1103 2284 1301 2359 ditior,
1347 2285 1515 2344 nulla
1550 2286 1817 2361 pericula
1853 2284 2221 2361 pertimescis

363 2462 702 2539 *Virgilius
752 2454 966 2543 (yeory.
1004 2463 1035 2521 I
1077 2456 1262 2544 186):

509 2586 895 2661 Metuensque
941 2588 1109 2662 inopi
1152 2587 1403 2646 formica
1448 2589 1715 2647 senectae
1764 2579 1890 2666 (ff

368 2721 488 2789 36.
536 2728 887 2787 *Inuersum
934 2747 1155 2786 annum
1195 2721 1319 2810 (ν)]
1407 2729 1723 2804 Mutatum,
1768 2729 2123 2787 inclinatum
2159 2728 2220 2785 in
2260 2738 2327 2786 25

186 2817 447 2877 hiemem
496 2809 606 2898 (P'
618 2818 735 2889 ὂ6ζ

372 2904 715 2983 §Magnum
761 2906 1068 2981 epitheton
1115 2906 1274 2980 anni,
1321 2909 1390 2965 ut
1435 2898 1640 2988 (Vcry.
1680 2905 1829 2966 Aen.
1866 2906 1928 2964 H
1969 2899 2153 2988 250).

510 3030 787 3088 Vertitur
830 3031 1062 3088 interea
1107 3030 1357 3104 caelum‚

189 3173 477 3247 qnoniam
514 3172 578 3230 in
616 3190 678 3231 se
716 3189 946 3248 semper
983 3190 1173 3233 annus
1209 3173 1531 3231 reuertitur
1568 3175 1629 3231 et
1663 3174 1949 3233 uoluitur.
2033 3173 2221 3230 Maxi-

187 3279 318 3320 mae
375 3264 581 3320 autem
636 3262 880 3336 pluuiae
938 3264 998 3319 et
1042 3262 1266 3338 frigora
1313 3265 1786 3336 commonentur,
1844 3281 1977 3321 cum
2022 3261 2111 3320 sol
2156 3263 2221 3320 in
2260 3271 2329 3320 30
2411 3279 2416 3284 ·

368 3491 395 3537 1
434 3483 579 3538 haec
629 3484 841 3555 crusta]
878 3500 978 3538 om.
1008 3486 1077 3549 6ζ
1287 3483 1611 3554 fragmenta
1649 3484 1743 3555 vc]
1783 3483 2100 3538 fracmenta
2137 3486 2230 3551 Pf

192 3551 439 3609 fraeffita
460 3556 514 3609 V
533 3555 850 3625 fragmento
872 3557 902 3620 ζ
1026 3560 1091 3609 12
1120 3554 1270 3625 ideo]
1304 3572 1403 3609 om.
1425 3559 1456 3620 ζ
1480 3561 1531 3609 et
1556 3556 1681 3610 edit.
1794 3556 1902 3608 27‘
1916 3557 2218 3625 magnum'

193 3626 259 3689 cs.
286 3627 446 3681 schol.
486 3644 536 3681 a.
569 3643 629 3695 p
664 3632 763 3680 157
911 3631 976 3679 29
1014 3627 1074 3679 in
1113 3626 1194 3697 se]
1235 3642 1335 3681 om.
1367 3630 1436 3690 6ζ
