2602 4013
301 242 302 245 ’
364 218 493 283 248
1022 215 1265 272 SCHOLQ-
1288 215 1360 270 P'
1372 217 1425 270 V
1445 214 1536 270 IN
1561 211 1732 271 ΗΘΒ..

256 1201 324 1249 10

357 387 596 448 >fidelior
640 389 696 445 ei
740 385 1045 446 uideretur
1058 431 1072 459 ,
1117 385 1464 461 parcissime
1511 382 1867 460 epulabatur
1909 387 2293 461 intantum,
2338 390 2414 444 ut

361 477 717 536 intermissis
765 475 1044 535 carnibus
1089 473 1286 533 herbis
1320 470 1686 548 'uesceretun
1733 475 1798 533 at
1842 473 1908 532 in
1939 477 2184 533 secreto
2225 473 2413 552 gulae

360 566 712 643 indulgeret.
802 563 974 623 Vnde
1029 564 1178 622 dicit
1231 566 1435 639 poeta:
1476 565 1563 621 ?in
1616 562 1813 621 medio
1868 564 2166 622 sociorum
2216 563 2412 622 absti-

360 673 505 714 nens
560 656 835 731 protinus
891 655 977 712 sic
1030 650 1223 726 uiuis,
1284 655 1356 711 ut
1407 654 1469 711 te
1524 653 1733 711 statim
1775 653 2015 711 inauret
2057 654 2234 711 riuus
2285 654 2411 710 for-

359 747 541 804 tunae
554 789 569 818 ‚
623 743 780 803 idest
823 744 1013 802 tantis
1060 743 1273 801 frueris
1320 741 1578 815 diuitiis,
1625 742 1867 816 quantis
1911 738 2078 799 Mida
2122 760 2249 816 rex,
2300 742 2410 817 qui

359 836 568 910 petens
617 832 690 891 ab
738 831 1046 907 Apolline,
1090 833 1163 888 ut
1208 832 1428 905 omnia,
1450 828 1453 829 ⁷
1473 849 1625 905 quae
1671 832 1963 908 tangeret,
2009 848 2228 888 aurum
2277 830 2410 888 effi·

360 924 660 995 cerentur‚
715 923 924 995 postea
979 918 1199 992 doluit,
1256 921 1401 995 quia
1457 918 1656 977 cibum
1678 918 1683 921 Α
1708 921 1956 997 tangere
1992 938 2131 978 “non
2177 919 2408 994 potuit,

357 1013 507 1086 quin
552 1010 762 1069 statim
803 1011 872 1067 in
920 1028 1131 1067 aurum
1174 1002 1537 1082 uerteretur,
1582 1026 2020 1084 conuersusque
2066 1007 2144 1065 ad
2190 1027 2410 1084 preces

360 1100 640 1175 Apolline
694 1116 1043 1174 responsum
1099 1097 1280 1156 dante
1338 1095 1547 1156 mersit
1591 1099 1774 1172 caput
1817 1098 1881 1155 in
1927 1096 2244 1156 Pactolum
2291 1098 2410 1155 flu-

361 1190 528 1246 uium
587 1189 787 1263 sicque
842 1188 969 1262 ipse
1016 1188 1293 1262 priuatus
1341 1188 1432 1246 est
1475 1205 1667 1262 poena
1715 1188 1777 1244 et
1819 1185 2102 1244 Pactolus
2148 1204 2409 1244 auream

360 1277 645 1335 harenam
691 1276 879 1335 traxit
926 1267 1030 1357 (P'
1044 1276 1125 1346 V‚·
1169 1297 1206 1334 ν
1242 1276 1469 1334 duobus
1514 1275 1652 1333 locis

537 1364 780 1424 Sensus:
845 1366 898 1425 si
951 1383 1093 1423 uero
1149 1384 1223 1423 ne
1275 1365 1371 1423 his
1417 1365 1657 1441 quidem
1705 1363 1997 1423 fructibus
2011 1408 2026 1437 ‚
2082 1381 2235 1439 quos
2282 1363 2412 1422 fibi

359 1455 542 1533 agelli
595 1453 768 1528 dant,
832 1473 993 1531 eges,
1058 1456 1119 1511 et
1172 1455 1485 1512 contentus
1541 1471 1602 1512 es
1659 1453 1758 1511 uel
1803 1452 1985 1511 herba
2032 1453 2132 1511 uel
2177 1454 2409 1526 urtica,

255 1538 256 1541 ’
357 1545 468 1603 hoc
550 1546 665 1602 est:
746 1544 800 1602 si
880 1561 986 1619 per
1065 1543 1219 1601 hanc
1293 1541 1721 1601 abstinentiam
1794 1541 2035 1601 Stoicen
2109 1545 2408 1617 sequeriS‚

256 1646 323 1694 15

253 2092 324 2144 20

251 2534 324 2588 25

357 1650 608 1711 magnas
623 1679 638 1708 ‚
683 1633 902 1707 inquit,
948 1631 1196 1690 diuitias
1244 1651 1316 1690 ex
1359 1631 1472 1690 hac
1515 1632 1648 1690 uita
1695 1632 2086 1706 consequeris,
2179 1630 2405 1690 Abste-

359 1724 515 1780 mius
562 1724 762 1785 autem
808 1722 1206 1797 compositum
1252 1721 1344 1778 est
1381 1740 1450 1778 ex
1486 1738 1573 1794 eo,
1619 1720 1781 1795 quod
1817 1719 2118 1778 abstineat
2153 1721 2409 1795 temet0‚

359 1811 514 1870 idest
549 1812 708 1870 uino.
781 1810 941 1869 Nam
976 1811 1067 1867 hii
1104 1804 1382 1869 abstemii
1416 1809 1723 1884 dicuntur3
1759 1808 1864 1869 sed
1898 1809 1998 1868 hic
2036 1808 2407 1868 abstemium

360 1899 649 1974 sobrium,
706 1899 1103 1958 abstinentem
1160 1900 1220 1957 et
1262 1900 1330 1956 in
1375 1898 1650 1957 omnibus
1696 1900 2044 1957 contentum
2090 1897 2407 1976 significat

362 1980 394 2072 (
541 2073 609 2139 8.
662 2076 990 2138 Confestim
1035 2080 1096 2136 et
1141 2079 1414 2153 protinus
1458 2078 1658 2136 iunxit
1701 2076 2019 2155 indulgens
2065 2073 2407 2156 ἕνφάσ<ε>ι

363 2169 689 2239 celeritatis
736 2158 840 2247 (P'
852 2167 885 2224 b
894 2168 933 2240 f
933 2167 998 2225 E
1015 2166 1071 2226 V

544 2249 658 2316 12.
732 2256 1109 2315 Democritus
1156 2255 1576 2331 philosophuS‚
1620 2256 1932 2314 hortorum
1981 2256 2249 2329 amator,
2277 2257 2406 2330 qui

362 2345 506 2404 dum
567 2344 981 2420 philosophiae
1044 2346 1312 2403 intentus
1379 2347 1494 2418 est,
1558 2345 1762 2403 hortos
1827 2346 1955 2402 eius
2018 2361 2200 2419 pecus
2267 2345 2403 2420 ipso

363 2437 672 2510 praesente
719 2435 1086 2510 consumpsit
1131 2425 1237 2513 (P'
1248 2434 1331 2505 bf
1343 2434 1398 2490 V
1948 2467 1953 2470 Α
1990 2457 1994 2465 ·

541 2520 963 2582 *Democritus
1010 2522 1330 2581 Abderites
1376 2522 1496 2580 fuit
1541 2523 1822 2580 inuentor
1867 2523 2236 2597 atomorum,
2285 2539 2406 2597 qua

543 2750 573 2797 1
614 2744 690 2816 ei]
728 2763 830 2801 om.
861 2766 894 2800 ν
932 2746 1026 2800 alt.
1056 2746 1160 2800 LV
1296 2751 1327 2798 2
1368 2743 1630 2798 carnibus
1657 2745 1709 2816 r]
1750 2738 2095 2798 carminibus
2128 2765 2206 2813 γν
2242 2751 2415 2810 utra—1

364 2816 523 2885 bique
561 2818 614 2871 V
821 2819 882 2871 at
927 2817 988 2870 in
1026 2817 1240 2871 secreto
1277 2816 1449 2885 gulae·
1484 2816 1638 2886 (gide
1676 2837 1710 2871 v
1737 2818 1834 2871 alt.
1865 2817 1922 2883 l.)
1959 2815 2287 2885 indulgeret
2323 2836 2403 2885 γν

365 2889 459 2942 alt.
492 2889 523 2942 l.
572 2888 634 2941 in
685 2890 897 2942 secreto
923 2888 1135 2941 ‘autem
1181 2887 1314 2957 gule
1351 2887 1673 2957 indulgeret
1709 2890 1765 2942 V
1792 2889 1854 2941 at
1889 2887 1949 2939 in
1988 2889 2270 2941 secretum
2306 2903 2404 2941 ue·

362 2959 524 3012 niens
570 2958 737 3030 gulae
783 2958 1118 3028 indulgebat
1154 2979 1188 3013 v
1226 2960 1321 3013 alt.
1352 2960 1386 3012 l.
1435 2960 1496 3012 at
1538 2959 1600 3012 in
1647 2961 1924 3013 secretum
1959 2958 2195 3012 ueniens
2232 2958 2404 3028 gulae

363 3030 609 3085 uacabat
634 3048 666 3084 r
808 3036 840 3083 3
870 3031 1147 3084 sociorum
1174 3032 1267 3085 Γν
1295 3031 1390 3084 alt.
1405 3031 1439 3085 l.
1453 3029 1531 3100 V]
1563 3030 1842 3084 sociorum
1869 3029 2090 3099 positus
2119 3049 2154 3082 v
2183 3031 2282 3083 alt.
2294 3030 2329 3083 1.

364 3107 398 3154 4
434 3104 495 3156 te
532 3101 727 3156 statim
754 3104 848 3156 Γν
875 3103 971 3157 alt.
1001 3101 1127 3185 LV]
1158 3100 1456 3155 confestim
1483 3121 1517 3155 ν
1544 3103 1639 3156 alt.
1672 3104 1704 3157 1.
1853 3106 1884 3154 6
1922 3102 2121 3170 petens
2151 3121 2185 3154 ν
2213 3102 2311 3155 alt.
2343 3101 2403 3171 l.]

363 3174 541 3243 peciit
578 3175 632 3228 V
659 3176 878 3243 petiens
917 3176 971 3227 Γ
999 3175 1219 3242 peticus
1256 3193 1290 3226 ν
1320 3174 1414 3227 alt.
1446 3174 1480 3226 1.
1629 3178 1663 3227 8
1699 3174 2017 3227 uerteretur
2052 3191 2131 3241 γν
2159 3173 2258 3226 alt.
2272 3172 2402 3242 LV]

363 3247 678 3299 mutaretur
710 3263 784 3299 rv
1001 3249 1067 3297 10
1114 3259 1342 3297 auream
1387 3244 1659 3298 harenam
1693 3244 1748 3327 r]
1784 3244 2056 3297 harenam
2098 3259 2333 3297 auream
2370 3264 2403 3311 γ

364 3333 595 3371 auream
631 3332 859 3370 arenam
881 3316 934 3371 V
963 3330 1191 3369 arenam
1228 3331 1457 3369 auream
1493 3336 1527 3369 ν
1556 3316 1850 3384 utrumque
1994 3319 2062 3368 16
2102 3315 2194 3386 ex]
2235 3314 2309 3369 ab
2340 3315 2405 3380 V,

364 3389 396 3442 b
424 3389 566 3442 absc.
712 3392 777 3440 17
816 3387 977 3457 uino]
1015 3386 1185 3439 auino
1222 3387 1275 3441 V
1303 3385 1500 3439 uinum
1538 3386 1571 3439 b
1711 3386 1798 3439 hii
1835 3386 2002 3455 yvbf
2062 3385 2126 3439 hi
2162 3386 2341 3441 rEV

363 3458 481 3529 hic]
521 3460 692 3513 om.V
827 3464 895 3511 23
933 3459 1020 3511 est
1047 3456 1256 3527 yva]
1288 3460 1437 3511 esset
1462 3457 1537 3524 rs
1670 3458 1734 3511 h:
1766 3474 1821 3512 e:
1849 3475 1916 3527 p:
1945 3457 1993 3511 i:
2045 3457 2173 3526 ipso
2201 3458 2405 3527 psente

362 3531 604 3598 pecusV
739 3533 809 3582 24
845 3528 1194 3597 consumpsit
1228 3529 1349 3600 rV]
1388 3528 1668 3582 consumit
1704 3529 1870 3598 yvbf
2006 3534 2074 3582 25
2114 3544 2228 3596 qua
2259 3527 2404 3597 P'b]

365 3600 503 3667 quia
538 3600 575 3666 f
603 3600 755 3666 quod
795 3601 920 3654 edit.
