2602 4013
163 3711 241 3761 ἰ

311 229 390 282 IV
1121 228 1528 282 PRAEFATIO

313 398 683 455 euanuerunt
719 396 899 457 schol.
925 396 985 454 A
1023 415 1150 472 epo.
1185 400 1283 469 16,
1316 397 1592 455 62—66.
1650 397 2009 475 Fragmenta
2039 399 2336 457 Hambur-

313 487 518 564 gensia
551 485 783 544 adiecta
810 489 952 545 sunt
978 487 1043 543 in
1070 484 1484 544 ADDENDIS
1522 506 1578 560 p.
1610 486 1738 544 510
1759 504 1843 562 sq.
1920 485 2060 545 Con
2071 491 2336 564 gruunt

314 577 515 634 autem
576 573 1080 650 prop'emodum
1146 574 1232 632 ad
1296 574 1586 633 uerbum
1649 593 1801 632 cum
1863 576 1954 634 iis
2011 575 2333 648 scholiiS,

315 682 494 739 quae
538 663 610 720 in
655 664 886 722 laeuis
932 665 1221 741 paginis
1269 663 1591 722 dedimus
1640 665 2007 739 438—462,
2043 666 2132 722 ita
2170 668 2237 722 ut
2273 666 2336 722 in

314 771 544 810 summa
599 771 833 827 quaque
886 751 1107 829 pagina
1162 752 1415 810 scribere
1464 751 1726 810 licuerit:
1782 751 2202 812 EXPOSITIO
2250 753 2338 810 IN

313 840 495 899 HOR.
543 838 774 900 EPOD.
825 842 904 899 16
955 843 1061 898 aut
1110 843 1208 898 17.

490 928 682 1004 Atqui
736 930 844 988 ffla
889 929 1114 988 scholia
1160 931 1299 988 sunt
1344 926 1612 988 codicum
1657 930 1821 1004 va,
1876 931 2168 1006 planeque
2214 930 2335 988 effi-

315 1020 471 1076 citur
525 1019 590 1075 in
642 1018 944 1076 uolumine
998 1020 1192 1093 primo
1248 1035 1347 1076 eas
1402 1017 1949 1093 interpretationeS,
2006 1020 2077 1077 de
2125 1019 2337 1094 quibus

316 1106 544 1164 codices
608 1107 790 1178 vap
854 1107 951 1164 uel
1010 1107 1143 1178 ch
1205 1108 1364 1164 inter
1422 1126 1483 1165 se
1548 1109 1952 1180 consentiunt,
2020 1109 2339 1166 maximam

314 1198 548 1271 partem
603 1215 673 1254 ex
725 1214 867 1254 uero
920 1195 1331 1254 Pseudacrone
1384 1187 1465 1253 A'
1517 1194 1778 1270 fluxisse,
1840 1199 1899 1253 Γ
1944 1214 2083 1255 11010
2139 1216 2211 1255 ne
2264 1196 2338 1255 iis

318 1284 553 1359 quidem
610 1284 781 1359 locis,
845 1284 950 1342 ubi
1005 1304 1137 1343 cum
1186 1285 1242 1343 V
1289 1284 1587 1361 congruit,
1652 1286 1778 1343 sine
1838 1285 2208 1344 dubitatione
2264 1285 2341 1342 ad

314 1375 716 1432 recensionem
759 1365 840 1431 A'
884 1392 1058 1449 posse
1102 1374 1325 1431 referri.

494 1462 736 1537 Itaque,
791 1462 1272 1538 quandoquidem
1328 1462 1553 1520 scholia
1606 1463 1744 1520 va
1797 1463 1953 1521 inter
1998 1480 2060 1522 se
2106 1480 2341 1520 concor-

317 1552 551 1624 dantia,
617 1554 908 1626 quatenus
963 1551 1224 1611 codicem
1277 1551 1338 1609 A
1392 1553 1590 1625 ipsum
1644 1569 1984 1626 comparare
2037 1551 2201 1624 licet,
2267 1550 2342 1608 ad

317 1642 565 1714 stirpem
608 1640 668 1698 A
714 1640 979 1715 proxime
1027 1640 1332 1714 accedunt,
1383 1641 1565 1697 etiam
1608 1641 1672 1696 in
1718 1641 1830 1698 hoc
1875 1641 2129 1699 secundo
2174 1640 2341 1697 uolu-

317 1731 496 1803 mine,
542 1729 782 1788 scholiis
827 1728 887 1786 A
934 1729 1171 1788 omnino
1219 1728 1643 1802 deficientibuS,
1688 1728 1752 1786 id
1787 1729 2162 1804 potissimum
2197 1729 2344 1786 1111111

319 1817 620 1893 proposui,
660 1819 728 1874 ut
762 1818 1161 1876 recensionem
1189 1818 1330 1876 va
1359 1809 1465 1896 (F'
1481 1818 1567 1875 Vc
1602 1819 1701 1876 uel
1735 1820 1794 1875 Γ
1810 1809 1921 1898 Vc)
1962 1838 2031 1876 ex
2066 1819 2345 1875 uniuersa

318 1906 607 1964 librorum
644 1905 816 1981 copia
853 1909 1141 1980 quantum
1177 1906 1349 1982 potui
1388 1907 1678 1983 elegerem
1711 1908 1771 1964 et
1800 1907 1971 1981 quasi
2000 1923 2342 1965 exsecarem.

320 1995 495 2053 Talia
542 1995 782 2070 scholia,
830 2015 983 2071 quae
1027 1998 1170 2055 nota
1218 1993 1256 2071 ξ
1303 1995 1677 2073 insignienda
1724 1995 2081 2070 curauimus,
2125 1997 2190 2053 in
2227 2013 2345 2054 ser-

320 2085 594 2143 monibus
634 2087 693 2142 et
731 2087 858 2143 arte
894 2087 1129 2160 poetica
1166 2088 1427 2144 centiens
1463 2085 1745 2143 inuenies,
1810 2085 1899 2143 De
1938 2086 2114 2145 huius
2149 2102 2346 2143 recen-

322 2173 505 2232 sionis
568 2175 805 2232 auctore
862 2175 934 2231 cf.
992 2193 1143 2248 quae
1209 2175 1550 2250 scripsimus
1611 2174 1673 2231 in
1727 2175 1845 2233 1101.
1895 2175 1924 2232 Ι
1977 2175 2347 2249 praefatione

321 2283 378 2339 p.
426 2262 574 2320 XIII
629 2265 688 2321 et
741 2262 1009 2321 Addend.
1057 2262 1117 2321 Π
1173 2284 1227 2338 p.
1280 2264 1424 2320 508.
1518 2261 1990 2321 Christianorum
2050 2280 2350 2321 sacrorum
2471 2260 2480 2272 '

323 2370 528 2427 expers
567 2344 667 2432 (cf.
707 2370 859 2426 quae
898 2350 968 2409 de
1006 2351 1208 2427 Moyse
1254 2370 1393 2428 rege
1430 2351 1745 2409 Iudeorum
1790 2352 2096 2409 fabulatur
2141 2369 2184 2408 s,
2224 2349 2252 2407 Ι
2292 2351 2349 2421 9,

328 2442 428 2499 70.
474 2442 784 2515 praeterea
821 2441 893 2498 cf.
923 2458 966 2498 s.
1001 2440 1031 2497 I
1079 2441 1136 2515 5,
1177 2442 1278 2499 24.
1316 2440 1378 2497 Π
1418 2441 1474 2513 6,
1515 2442 1615 2499 20.
1659 2442 1714 2514 7,
1754 2433 1822 2520 4)
1860 2439 2351 2498 uixisseuidetur

324 2548 377 2587 a.
418 2530 628 2588 450—-
643 2530 796 2602 500,
845 2529 1165 2602 Theotisti,
1221 2548 1338 2605 quo
1384 2528 1725 2588 Priscianus
1772 2529 2011 2587 doctore
2057 2546 2196 2587 usus
2244 2528 2350 2598 est,

324 2618 702 2695 grammatici
757 2610 830 2697 (s.
869 2618 900 2675 I
949 2619 1006 2690 5,
1055 2610 1167 2698 97)
1216 2637 1285 2676 ac
1332 2617 1528 2676 Seruii
1571 2618 1849 2695 Magistri
1894 2617 2163 2693 aequalis
2211 2609 2282 2696 (s.
2321 2615 2352 2672 I

329 2711 387 2782 9,
438 2699 565 2787 76).
653 2706 893 2765 Partem
939 2709 1102 2765 uitae
1148 2709 1211 2764 in
1257 2707 1400 2765 urbe
1447 2706 1637 2764 Roma
1683 2708 1870 2783 egisse
1916 2705 2215 2782 putandus
2264 2706 2353 2762 est

327 2790 400 2876 (S.
440 2796 471 2853 I
519 2797 576 2871 8,
626 2798 681 2854 7.
735 2798 813 2854 14
863 2789 996 2876 al.);
1051 2796 1322 2855 Africam
1367 2798 1549 2868 certe,
1604 2794 2027 2871 Porphyrionis
2074 2795 2353 2871 patriam,

326 2903 446 2942 non
491 2885 662 2942 nouit
709 2876 808 2965 (cf.
847 2904 973 2960 epo,
1015 2889 1073 2959 2,
1104 2886 1184 2944 53
1233 2885 1346 2942 ubi·
1383 2886 1736 2943 strutionem
1782 2884 1928 2942 dicit
1972 2903 2080 2959 pro
2127 2884 2354 2962 gallina

327 2967 695 3054 Numidica).
795 2974 879 3032 Vt
931 2974 1204 3052 Vergili*
1265 2974 1635 3046 aliorumque
1698 2974 2023 3032 multorum
2085 2975 2355 3032 ueterum

330 3063 820 3137 studiosissimus,
892 3065 1008 3137 ita,
1081 3066 1133 3123 si
1196 3063 1494 3123 codicibus
1557 3063 1977 3137 manuscriptis
2040 3061 2183 3120 fides
2250 3064 2354 3133 est,

329 3171 543 3227 parum
607 3170 824 3229 gnarus
884 3153 1064 3211 fuisse
1121 3155 1372 3229 apparet
1426 3152 1710 3210 sermonis
1766 3148 1991 3210 Graeci.
2090 3149 2357 3223 Porphy-

510 3393 539 3424 *
578 3392 646 3446 cf.
677 3392 786 3461 epi.
816 3393 841 3444 Ι
871 3397 920 3457 7,
958 3398 1025 3445 48
1062 3393 1161 3446 ubi
1195 3410 1297 3448 nec
1329 3395 1517 3447 uarias
1545 3392 1816 3455 lectiones
1845 3391 1957 3445 Ver
2002 3390 2200 3443 ‘lianas
2230 3405 2358 3442 eum

333 3462 546 3531 fugisse
581 3463 862 3516 uidemus:
902 3464 1066 3535 Verg.
1097 3464 1232 3518 Aen.
1263 3464 1392 3517 VIII
1430 3471 1556 3518 361:
1596 3463 1790 3518 Lautis
1824 3505 1834 3515 .
1868 3505 1878 3515 .
1912 3505 1922 3516 .
1999 3461 2187 3527 ariniS,
2226 3460 2360 3513 licet

334 3532 559 3603 legatur
594 3536 652 3587 et
686 3535 834 3589 latis.
891 3535 1033 3589 Item
1071 3536 1140 3588 de
1171 3536 1345 3589 uariis
1374 3536 1708 3590 lectionibus
1737 3533 2060 3586 Horatianis
2089 3530 2360 3585 nonnulla

335 3604 509 3659 refert
544 3608 609 3660 ut
645 3623 685 3658 s.
715 3606 742 3659 I
770 3612 820 3674 2,
851 3611 933 3660 50.
965 3613 1014 3672 6,
1046 3612 1111 3661 87
