2602 4013
451 232 585 300 324
1108 233 1352 290 scHon.
1376 232 1446 287 r‘
1463 234 1517 287 V
1533 233 1613 287 m
1648 231 1817 287 Hos.

629 403 805 464 Vices
851 423 904 463 o.
944 395 1066 485 (ν)]
1150 404 1235 463 Vt
1288 404 1525 462 heroico
1580 405 1769 461 metro
1815 401 2038 462 scribas
2083 401 2272 476 bella,
2330 404 2466 461 iam-

452 493 584 552 bico
647 486 1122 571 com<o>ediam,
1184 493 1372 568 lyrico
1437 492 1682 551 deorum
1743 491 1950 551 laudes
2007 495 2069 550 et
2125 492 2362 551 heroum
2415 494 2468 551 et

454 581 901 658 Olympicorum
946 573 1079 663 (leq.
1117 573 1697 660 Olympionicarum)
1746 571 1853 660 (P'
1862 580 1945 639 ab
1961 580 2016 638 V

630 664 1025 750 *<Golores>]
1113 669 1441 747 Οἰκονομία
1487 663 1593 752 (Γ’

385 771 417 819 5
633 752 749 820 87.
791 758 831 835 ἓ
851 759 1036 820 Poeta
1072 760 1303 820 salutor
1330 751 1453 840 (v)]
1500 761 1688 836 Χαῖρε
1714 756 1946 835 ποιητά.
2003 757 2136 818 Hoc
2164 758 2469 819 secundum
2554 824 2555 829 ἵ

454 847 706 908 Graecos
719 893 735 923 ,
809 848 912 923 qui
983 868 1119 908 cum
1185 849 1426 908 nomine
1490 848 1758 907 salutant
1820 846 2029 907 officii:
2101 851 2264 927 χαῖρε
2327 843 2471 926 ἰατρέ

486 933 564 995 Γ’
584 938 640 997 V
667 940 795 996 sim.
823 937 896 1009 οζ

457 931 485 1019 (
634 1019 751 1087 88.
827 1024 866 1101 ἓ
887 1024 1007 1085 Gur
1065 1027 1289 1086 nescire
1333 1025 1562 1102 pudens
1609 1018 1767 1107 (V)]
1859 1023 1978 1085 Gur
2021 1043 2212 1101 praue
2257 1025 2468 1102 pudens

454 1115 612 1175 malo
650 1116 871 1174 nescire
910 1135 1090 1191 quam
1125 1112 1391 1174 discere?
1458 1108 1522 1192 <⁴²
1536 1110 1769 1193 Praue>
1803 1114 2032 1190 pudens
2046 1109 2064 1136 ’
2104 1117 2468 1192 praepostere

353 1214 419 1262 10
456 1203 817 1278 erubescens,
838 1199 1171 1280 ‘pudenter’
1194 1204 1621 1263 erubescenter.
1677 1196 1872 1271 Quare
1891 1205 2084 1282 magis
2103 1204 2244 1264 nolo
2263 1204 2468 1264 discere

351 1316 358 1325 “
459 1311 637 1368 quam
681 1295 939 1370 turpiter
982 1291 1298 1370 ignorare?
1390 1292 1625 1353 Pudens
1669 1311 1856 1368 praue
1902 1294 1993 1352 est
2036 1293 2161 1367 ille,
2207 1292 2312 1368 qui
2355 1296 2470 1352 tur-

457 1381 616 1457 piter
660 1381 965 1442 erubescit.
1060 1381 1126 1440 Si
1169 1383 1415 1456 nescio„
1452 1401 1635 1456 quare
1679 1383 1872 1459 magis
1918 1381 2198 1441 erubesco
2245 1382 2468 1447 discere,

461 1490 644 1545 quam
688 1469 950 1531 nescire?
1024 1470 1208 1529 Verbi
1252 1473 1451 1550 gratia
1497 1472 1549 1530 si
1587 1473 1796 1544 nescis,
1841 1489 1960 1530 non
1995 1473 2258 1547 turpiter
2291 1471 2470 1543 diseiS,

460 1560 513 1619 si
572 1560 1059 1638 interrogaueris3
1123 1559 1227 1619 sed
1288 1561 1549 1636 turpiter
1610 1561 1826 1633 nescis,
1890 1560 1942 1619 si
1995 1562 2282 1635 tacueris3
2341 1578 2472 1618 nam

355 1661 421 1710 15
457 1667 643 1724 praue
707 1648 1072 1709 uerecundus
1135 1651 1228 1709 est
1288 1649 1420 1723 ille,
1487 1650 1605 1723 qui,
1654 1648 1949 1708 erubescit
2010 1648 2263 1723 discere,
2327 1648 2473 1724 quod

363 1782 366 1785 n
458 1737 571 1797 sibi
617 1738 990 1797 commodum
1036 1741 1128 1797 est
1173 1730 1369 1818 (P'ab
1392 1739 1472 1798 Vc
1482 1739 1515 1809 ζ

634 1825 674 1902 ἓ
695 1825 848 1885 Sunt
894 1826 1186 1902 quaedam
1232 1826 1556 1899 doctrinae,
1603 1845 1756 1902 quae
1801 1826 2026 1903 duplici
2062 1829 2313 1886 scientia
2347 1846 2470 1886 con·

458 1917 776 1991 cipiuntur.
868 1915 1122 1975 Versum
1175 1915 1371 1975 facere
1424 1914 1629 1989 discis,
1683 1917 1735 1974 si
1781 1915 2042 1975 audieris
2087 1933 2192 1975 sex
2236 1915 2470 1992 pedibus
2554 1950 2555 1987 3

457 2006 728 2065 constare
773 2005 1181 2065 hexametrum
1225 2006 1352 2065 siue
1397 2005 1701 2064 heroicum
1745 2006 2020 2079 metrum,
2065 2004 2225 2065 idest
2263 2004 2470 2065 dactilo
2554 2073 2555 2078 η

350 2107 421 2155 2ο
458 2097 520 2153 et
573 2094 849 2171 spondeo.
955 2095 1104 2155 Ecce
1157 2094 1339 2154 habes
1393 2114 1576 2153 unam
1629 2095 1936 2169 peritiam,
2000 2092 2177 2154 debes
2232 2095 2471 2154 alteram

457 2185 724 2260 accipere
776 2185 1083 2260 peritiam,
1142 2186 1213 2241 ut
1265 2185 1446 2258 scias,
1502 2182 1795 2258 quomodo
1849 2182 1920 2240 fit
1964 2183 2287 2260 spondeus,
2342 2201 2468 2259 quo-

457 2272 632 2331 modo
697 2272 968 2332 dactilus.
1070 2270 1120 2331 O
1184 2272 1427 2345 Horati,
1491 2274 1544 2331 si
1607 2271 1826 2332 dedisti
1886 2275 2237 2349 praecepta,
2301 2290 2469 2347 quare

457 2360 687 2421 nescis?
776 2361 1025 2421 Possum
1071 2361 1310 2436 quidem
1355 2357 1503 2420 scire
1550 2361 1719 2420 uerbi
1764 2362 1989 2439 gratia,
2042 2364 2188 2438 quia
2231 2360 2469 2421 iambico

457 2452 647 2509 metro
690 2450 993 2509 comoedia
1031 2450 1328 2524 scribitur,
1373 2449 1477 2509 sed
1513 2450 1806 2525 quomodo
1843 2449 1951 2509 fiat
1986 2450 2242 2525 iambus,
2287 2451 2469 2510 nescio

353 2550 423 2599 25
463 2530 567 2618 (P'
588 2539 710 2610 ch
741 2543 795 2598 et
827 2562 864 2598 ν
900 2541 1079 2598 altero
1116 2540 1234 2598 loco

640 2620 757 2687 89.
840 2626 879 2702 ἓ
898 2625 1180 2689 Versibus
1245 2628 1460 2704 exponi
1525 2619 1589 2707 (ν
1603 2619 1688 2707 V)
1753 2628 2001 2704 tragicis
2067 2621 2269 2709 (νοζ)]
2357 2626 2469 2684 Aut

461 2716 736 2793 spondeis
783 2719 890 2776 aut
936 2718 1073 2777 altis
1112 2717 1377 2810 sensibus
1414 2719 1489 2774 et·
1508 2715 1726 2775 uerbis.
1799 2716 1914 2775 Hie
1951 2719 2282 2792 exequitur,
2327 2714 2470 2792 quod
2554 2733 2555 2736 ¹

638 2909 670 2957 5
716 2903 779 2957 in
815 2903 868 2957 V
900 2906 1108 2973 Εχαιρε
1151 2920 1356 2957 ποιστα
1392 2903 1708 2972 praeposito
1752 2906 1779 2954 t
1817 2929 1884 2947 =
1926 2901 2082 2958 ‘uel’
2131 2906 2197 2957 in
2241 2903 2469 2973 marqine

460 2974 714 3029 addin
758 2980 866 3040 απ,-
910 2976 978 3039 cg
1010 2974 1298 3029 uerborum
1349 2974 1682 3029 Graecorum
1729 2974 1842 3029 loeo
1887 2974 2142 3029 exhibent
2187 2977 2407 3030 lacunas

460 3064 658 3100 ποιετοι
695 3044 771 3099 Γ’
805 3063 1013 3100 ποιετα
1052 3047 1105 3101 V
1259 3051 1290 3098 6
1330 3046 1480 3115 cum]
1518 3061 1620 3099 om.
1649 3048 1719 3109 οζ
1858 3044 2115 3100 salutant
2150 3045 2320 3101 officii
2345 3043 2463 3114 γοζ]

460 3116 633 3171 officii
667 3116 919 3170 salutant
944 3123 1059 3172 cett.
1205 3114 1363 3183 ἰατρέ
1390 3116 1490 3187 Κ]
1520 3135 1692 3182 αατρε
1715 3115 1784 3169 Γ’
1819 3118 2065 3185 ααγρεῐΤ
2201 3123 2232 3171 9
2267 3116 2467 3186 pudens

462 3221 529 3227 —
559 3185 969 3259 erubescenter]
1008 3204 1107 3242 om.
1136 3190 1206 3254 οζ
1420 3194 1484 3241 14
1523 3188 1610 3240 set
1643 3208 1678 3256 y
1886 3193 1952 3241 16
1991 3187 2127 3271 sibi]
2165 3205 2264 3243 om.
2296 3188 2410 3249 ch

464 3264 528 3314 19
567 3258 737 3331 idest]
775 3276 875 3315 om.
892 3261 1005 3323 ch
1143 3264 1209 3311 21
1250 3257 1507 3327 accipere
1547 3256 1619 3311 Γ’
1645 3264 1697 3312 et
1724 3278 1757 3311 ν
1785 3259 1879 3312 alt.
1910 3258 1970 3329 1.]
2009 3275 2259 3329 recipere
2280 3260 2331 3313 V
2354 3271 2469 3326 per·

460 3331 646 3399 cipere
681 3334 751 3394 αζ
924 3330 990 3383 fit
1023 3348 1096 3384 rv
1124 3330 1219 3383 alt.
1252 3330 1378 3400 LV]
1418 3329 1493 3383 sit
1528 3333 1642 3397 γοζ
1674 3328 1774 3382 fiat
1803 3350 1836 3383 ν
1864 3330 1960 3383 alt.
1992 3331 2027 3384 l.
2237 3335 2300 3383 23
2336 3327 2467 3382 scire

459 3401 688 3468 quidem
729 3403 802 3456 Vc
838 3401 979 3455 scire
1017 3399 1168 3469 quod
1203 3402 1233 3465 ζ
1395 3406 1462 3453 24
1500 3403 1586 3455 set
1623 3420 1656 3468 γ
1799 3399 2022 3453 iambus
2062 3401 2134 3455 P'
2165 3409 2215 3457 et
2240 3422 2273 3455 v
2296 3400 2385 3454 alt.
2413 3397 2467 3467 1.]

459 3472 734 3527 iambicus
775 3473 898 3536 Vog
1063 3477 1130 3525 26
1169 3472 1373 3541 exponi
1409 3471 1669 3542 tragicis]
1705 3486 1751 3524 e.
1780 3474 1822 3525 t.
1853 3493 1886 3526 ν
2061 3477 2128 3526 27
2168 3474 2265 3526 aut
2293 3514 2302 3524 .
2334 3513 2344 3522 .
2378 3511 2389 3522 .
2417 3471 2469 3522 et

462 3541 580 3608 P'f
598 3563 631 3595 ν
660 3545 754 3596 alt.
778 3544 836 3613 L]
868 3545 926 3596 et
956 3585 965 3594 .
1000 3585 1009 3595 .
1044 3586 1054 3596 .
1087 3543 1187 3595 ant
1199 3543 1312 3606 ch
1450 3543 1543 3596 hic
1570 3563 1603 3595 ν
1631 3543 1726 3597 alt.
1756 3542 1817 3613 L]
1846 3543 1954 3596 hoc
1981 3550 2101 3599 cet-t.
2122 3552 2173 3600 et
2197 3565 2231 3598 ν
2258 3544 2346 3598 alt.
2368 3543 2401 3594 1.

463 3612 758 3678 exequitur
793 3615 913 3681 ch
922 3613 971 3683 ζ]
1010 3613 1332 3679 exsequitur
1366 3631 1439 3668 rv
