2602 4013
1043 222 1454 277 PRAEFATIO
2178 225 2254 277 XI

243 392 416 449 nullos
474 392 747 469 intelligo
797 392 858 449 et
902 411 1020 451 non
1063 394 1399 466 postremae
1445 393 1620 450 notae
1667 392 1829 451 uiros
1877 393 2261 456 subsannare,

244 483 403 554 atque
451 475 601 539 adeo
647 482 934 540 reiectare
981 480 1300 539 dictionem
1340 481 1494 539 hanc
1532 477 2048 555 „Commentator“
2087 485 2260 556 quasi

238 569 417 628 minus
477 569 756 628 idoneam
812 588 920 627 nec
976 570 1123 629 satis
1178 572 1248 629 ut
1293 573 1697 629 enarratorem
1743 573 1910 628 notet
1956 568 2259 628 Latinam:

237 659 381 732 quod
447 660 687 716 etiamsi
751 676 869 716 non
931 658 1168 734 penitus
1229 657 1475 732 infitier,
1535 660 1737 717 tamen
1801 660 1853 717 si
1916 659 2259 736 diligentius

228 747 710 806 animaduertant
764 750 1035 806 nostrum
1091 766 1160 806 ea
1212 750 1277 804 in
1332 766 1396 805 re
1454 747 1767 807 consilium
1831 750 1891 806 et
1946 747 2259 822 epistolam

231 835 300 892 ad
334 837 621 894 lectorem
660 836 805 895 olim
841 836 941 894 lib.
981 834 1230 895 odarum
1268 839 1481 911 quarto
1519 838 1925 912 praepositam
1952 836 2259 896 candidius

222 925 547 1001 pellegant,
594 927 901 1000 aequiores
947 927 1102 984 certe
1147 925 1317 984 nobis
1365 942 1463 985 eos
1498 925 1623 983 fore
1660 924 2023 984 crediderim.
2103 925 2262 984 Nam

230 1016 353 1088 quis
401 1033 543 1071 eum
588 1013 854 1072 nominet
896 1013 1242 1088 honorifice,
1299 1033 1475 1089 quem
1528 1033 1601 1073 ne
1645 1015 1816 1072 nouit
1860 1012 2139 1090 quidem?
2190 1018 2260 1073 ut

227 1106 451 1162 taceam
497 1122 566 1161 ea
604 1122 757 1178 quae
794 1103 995 1162 euolui
1030 1105 1094 1161 in
1126 1102 1445 1162 Horatium
1484 1102 1705 1178 scripta
1741 1105 1843 1161 uix
1880 1103 2002 1161 ullo
2039 1102 2258 1162 honore

225 1192 432 1270 digna,
493 1192 597 1250 sed
650 1193 756 1249 ita
811 1192 1077 1266 lacera,
1130 1210 1405 1266 manca,
1459 1192 1742 1264 mutila,
1797 1193 2141 1251 lacunosa
2192 1195 2260 1250 et

224 1284 516 1340 tantum
570 1300 706 1339 non
762 1282 953 1338 carie
1006 1283 1527 1356 uetustateque
1584 1280 1986 1356 deperdita,
2050 1283 2128 1338 ut
2183 1300 2259 1338 ex

224 1370 311 1428 iis
360 1371 489 1427 uix
533 1371 658 1427 hos
699 1367 1265 1428 Commentarios
1313 1369 1985 1428 consarcinauerim.
2062 1368 2259 1439 Quid?

224 1460 379 1535 quod
429 1459 694 1517 auctoris
739 1476 955 1517 nomen
1001 1476 1180 1534 opera
1226 1459 1397 1516 nulla
1443 1459 1724 1534 consequi
1767 1456 2106 1532 potuerim?
2188 1458 2258 1515 In

216 1548 397 1607 editis
469 1547 614 1606 olim
676 1566 783 1622 per
845 1547 1170 1606 Henricum
1234 1546 1400 1606 Petri
1463 1546 1738 1623 operibus
1801 1547 2041 1606 Horatii
2103 1546 2260 1604 inter

221 1637 566 1695 innumeros
629 1637 753 1694 fere
818 1636 1229 1711 explanatores
1292 1637 1489 1713 legere
1555 1635 1793 1710 quidem
1848 1639 1938 1694 est
1990 1636 2259 1694 uirorum

216 1726 705 1785 doctissimorum
741 1724 990 1785 Acronis
1028 1727 1089 1782 et
1123 1724 1555 1799 Porphyrionis
1591 1742 1865 1782 numeros
1904 1726 1964 1782 et
2000 1726 2258 1796 nomina,

221 1815 320 1872 sed
376 1817 445 1872 in
502 1813 799 1890 plerisque
853 1816 938 1873 eis
994 1813 1312 1890 adscriptis
1366 1815 1551 1872 miror
1604 1816 1784 1888 atque
1835 1812 2095 1871 detestor
2140 1833 2258 1873 11011

214 1903 609 1962 oscitantiam
661 1903 1052 1980 typographi,
1106 1904 1177 1960 ut
1233 1921 1407 1977 quem
1462 1903 1713 1960 fortasse
1763 1920 2071 1961 mucosum
2117 1902 2258 1960 fecit

221 1993 371 2052 lucri
430 2012 665 2052 crassus
722 1992 892 2067 odor,
949 1991 1051 2052 sed
1099 1992 1335 2067 ineptos
1382 1991 1646 2064 0110111οε,
1701 1992 1805 2067 qui
1848 1992 2049 2050 tantos
2095 1992 2256 2050 uiros

221 2102 337 2140 11011
393 2083 672 2155 reueriti,
728 2100 869 2141 suae
920 2081 1294 2156 stupiditatis
1342 2079 1475 2138 labe
1521 2100 1638 2138 non
1685 2079 1902 2154 puduit
1949 2097 2256 2157 aspergere

220 2165 375 2250 [sic]
456 2171 658 2229 Facile
705 2170 956 2229 coniicio
1005 2187 1100 2228 eos
1145 2170 1209 2228 in
1255 2169 1615 2228 eiuscemodi
1650 2169 1926 2228 librarios
1965 2168 2257 2241 incidisse,

221 2261 430 2334 quales
489 2279 596 2335 per
648 2260 881 2335 aliquot
935 2277 1120 2317 annos
1174 2257 1374 2317 ualide
1419 2277 1526 2317 nos
1573 2260 1982 2331 exercueruntr,
2040 2260 2102 2315 at
2144 2258 2256 2316 hoc

221 2349 606 2408 uehementer
652 2349 978 2421 abominor,
1021 2351 1149 2405 tam
1193 2347 1685 2423 praecellentibus
1732 2345 2120 2421 scriptoribus
2158 2364 2256 2404 eos

222 2440 461 2496 tantam
523 2437 860 2495 barbariem
922 2455 1308 2512 nuncupasse.
1408 2434 1579 2504 Quod
1643 2438 1798 2494 certe
1856 2454 1929 2493 110
1985 2436 2256 2509 facerem,

224 2531 282 2583 et
326 2527 661 2585 iudicarem
705 2545 776 2584 ex
812 2525 1002 2584 doctis
1041 2524 1517 2584 enarrationibus
1554 2524 1704 2582 nihil
1742 2541 1921 2599 quam
1959 2523 2255 2582 cucullata

216 2633 532 2691 superesse
587 2618 919 2674 commenta
948 2659 958 2671 .
992 2660 1004 2671 .
1036 2658 1048 2670 .
1080 2633 1149 2672 ea
1193 2633 1314 2672 non
1361 2614 1745 2687 enarratoris,
1801 2612 1903 2671 sed
1951 2610 2254 2670 Commen-

224 2706 441 2763 tatoris
498 2722 624 2763 esse
678 2705 860 2761 uolui.
951 2703 1180 2761 Deinde
1234 2721 1369 2761 cum
1423 2705 1679 2778 quatuor
1727 2700 1973 2779 legerim
2018 2701 2256 2759 Horatii

224 2791 600 2868 interpretes,
635 2792 1118 2868 Porphyrionem,
1146 2791 1459 2865 Acronem,
1495 2790 1828 2850 Modestum
1856 2792 1916 2848 et
1951 2788 2255 2863 Scaurum,
2363 2871 2368 2876 ὗ

227 2901 331 2939 1100
378 2882 520 2940 ullis
563 2880 918 2954 Blandiniis,
963 2881 1253 2939 Tonsanis
1301 2883 1406 2937 aut
1452 2880 1586 2938 aliis
1633 2880 1869 2954 scriptis
1917 2880 2255 2954 appositum

227 2989 443 3028 nomen
499 2969 777 3044 alicuius,
841 2969 985 3045 quid
1041 2967 1136 3029 cui
1191 2987 1410 3044 quaeso
1466 2965 1894 3027 adscriberem‘?
1985 2967 2256 3026 Fecerint

227 3058 336 3119 hoc
376 3059 486 3117 alii
519 3059 900 3137 typographi,
945 3060 1016 3116 ut
1053 3076 1191 3116 suos
1227 3060 1405 3133 typos
1443 3057 1881 3132 plausibiliores
1917 3056 2255 3130 redderent3

227 3151 498 3206 nostrum
535 3167 675 3207 sane
711 3166 830 3206 non
866 3149 984 3206 fuit
1019 3150 1144 3205 tam
1181 3147 1362 3205 stulte
1400 3150 1460 3204 te
1487 3147 1768 3205 lectorem
1794 3144 1996 3203 ludere
2023 3144 2254 3219 tibique

228 3255 336 3311 pro
383 3237 680 3296 thesauris
727 3236 1007 3295 carbones
1055 3231 1396 3294 ostentare'.

410 3326 521 3384 His
572 3324 768 3384 uerbis
814 3324 1070 3383 efficitur
1114 3327 1635 3383 commentatorem
1680 3325 1863 3382 istum
1910 3341 1946 3380 a
1992 3320 2253 3397 Gruquio

231 3434 262 3471 e
300 3415 701 3491 compluribus
738 3413 1035 3474 codicibus
1072 3414 1547 3472 consarcinatum
1573 3431 1698 3471 esse
1727 3410 1985 3469 auctoris
2018 3411 2253 3469 nomine

233 3522 528 3578 nusquam
584 3504 898 3579 adscripto.
987 3502 1198 3578 Itaque
1253 3502 1576 3560 uerisimile
1632 3504 1721 3560 est
1768 3498 2093 3574 Cruquium
2147 3506 2253 3559 nec

229 3610 299 3647 ex
363 3591 788 3669 Porphyrionis
854 3592 1111 3667 quodam
1176 3591 1374 3650 codice
1437 3609 1544 3649 nec
1609 3609 1678 3647 ex
1739 3588 2252 3648 Pseudacroniana
