2602 4013
1065 210 1273 265 SERM.
1296 212 1349 264 Π
1376 218 1407 265 3
1559 164 1566 175 “
2125 214 2270 277 149

391 376 771 437 *Cardiaeus
809 398 992 455 genus
1031 380 1223 438 morbi
1249 381 1477 459 uigiliis
1505 382 1853 456 laborantis,
1891 385 2252 441 eontrarium

213 467 500 544 letargico
551 459 614 548 (r
627 491 667 526 ν

393 572 683 633 Craterus
730 575 912 634 fuisse
959 575 1178 634 dieitur
1223 577 1346 635 illis
1392 577 1758 652 temporibus
1807 578 2251 653 opinatissimus

212 662 481 721 medicus
530 656 714 745 (P'V
742 680 893 722 cons.
929 664 1142 739 Porph.

397 760 565 829 163.
625 770 866 828 *Aeuto
905 762 1030 852 (ν)]
1112 771 1503 847 Penetrabili‚
1547 773 1902 850 pernicioso,
1949 775 2140 851 graui,
2186 776 2254 832 ut
2326 786 2358 832 5

215 858 362 915 alibi
409 850 603 939 (epist.
643 857 673 915 1
717 860 816 933 10,
859 852 998 940 17):

492 981 643 1041 Cum
699 985 879 1043 semel
935 986 1165 1060 accepit
1219 986 1406 1045 solem
1449 987 1802 1046 furibundus
1850 989 2091 1045 acutum
2140 979 2225 1064 (Γ
2235 982 2253 1005 ’

393 1124 622 1199 *Rien‚
686 1127 892 1202 rienis,
959 1127 1251 1202 quomodo
1309 1128 1428 1187 lien
1482 1128 1683 1203 lienis,
1742 1130 1898 1188 idest
1952 1122 2085 1211 (leq.
2123 1121 2250 1210 uel)

215 1215 403 1290 splen,
453 1215 680 1290 splenis
729 1208 842 1296 (F'

399 1313 570 1381 166.
654 1322 919 1399 Nauiget
965 1323 1320 1398 Anticyram
1368 1315 1491 1406 (ν)]
1581 1324 1678 1382 Ad
1723 1325 2103 1400 Anticyram,
2149 1325 2253 1383 ubi
2293 1337 2359 1384 10

216 1410 550 1468 elleborum
596 1413 881 1487 nascitur,
931 1430 1047 1486 quo
1094 1413 1471 1487 perturbatas
1520 1416 1745 1471 mentes
1790 1414 2004 1473 medici
2043 1428 2253 1472 sanare

215 1502 580 1558 consuerunt
626 1492 801 1580 (F'V

394 1603 436 1680 ἓ
459 1606 776 1665 Balatroni
804 1598 863 1687 (c
874 1598 959 1688 ζ)]
1023 1605 1272 1667 Scurrae
1313 1612 1374 1666 et
1408 1608 1655 1667 triuiali.
1730 1609 1885 1668 Nam
1914 1609 2252 1667 balatrones

215 1694 501 1753 dicuntur
546 1696 760 1753 rustici
805 1696 1072 1754 homines
1117 1698 1310 1772 inepti
1356 1699 1416 1755 et
1460 1698 1730 1757 triuiales
1779 1690 1882 1779 (P'
1904 1697 2025 1769 Ῡοζ

393 1799 434 1876 ξ
456 1801 704 1861 Publius
735 1801 1024 1861 Seruilius
1052 1803 1301 1862 Balatro
1347 1805 1539 1863 multa
1582 1806 1646 1863 in
1674 1805 2014 1882 Augustum
2053 1823 2250 1863 amare
2292 1818 2357 1865 15

213 1884 334 1967 [et]
383 1910 506 1949 non
555 1892 682 1949 sine
728 1891 856 1950 ioco
900 1891 1066 1949 dixit.
1141 1892 1284 1950 Fuit
1324 1896 1522 1952 autem
1559 1896 1763 1952 tantus
1802 1893 2135 1967 deuorator,
2181 1897 2252 1951 ut

212 1979 400 2037 simili
470 1981 622 2039 uitio
678 1979 1016 2040 laborantes
1073 1981 1411 2042 balatrones
1468 1982 1614 2042 dieti
1668 1984 1804 2043 sint.
1842 1977 1863 2062 ΙΙ
1909 1983 1991 2041 Et
2046 1985 2134 2042 est
2188 1983 2251 2039 in

212 2071 348 2144 ipso
396 2088 579 2129 uersu
626 2088 854 2128 sensus:
909 2069 1051 2145 quid
1098 2072 1372 2147 interest,
1417 2075 1619 2131 utrum
1666 2091 1783 2131 non
1829 2073 2018 2131 utaris
2066 2091 2142 2129 an
2187 2074 2251 2129 in

211 2158 527 2216 baratrum
575 2157 825 2217 mittas?
892 2159 1039 2234 quid
1086 2162 1241 2218 enim
1287 2161 1532 2237 prodest
1577 2181 1773 2220 carere
1820 2162 1970 2220 uitio
2017 2162 2152 2236 hoe,
2203 2163 2253 2218 si

214 2247 339 2304 alio
384 2245 688 2306 tenearis?
736 2240 841 2328 (Γ’
851 2249 889 2320 f
903 2248 1028 2320 ch'
2288 2262 2357 2310 20

405 2345 570 2414 168.
658 2351 696 2428 ἓ
718 2353 962 2413 Seruius
1024 2353 1314 2430 Oppidius
1372 2348 1497 2437 (ν)]
1587 2356 1717 2416 Hoc
1780 2358 2112 2433 exemplum
2176 2357 2251 2414 ad

214 2442 370 2499 illud
416 2444 683 2518 pertinet
727 2435 1042 2525 (u.158):

545 2563 833 2634 Quisnam
877 2568 1066 2644 igitur
1111 2566 1330 2627 sanus?

212 2708 374 2784 Ergo
425 2710 561 2783 quis
609 2726 787 2766 sanus
834 2706 963 2768 est?
1018 2710 1160 2769 talis
1208 2713 1324 2784 est,
1373 2711 1566 2785 qualis
1611 2708 1902 2788 Oppidius
1950 2713 2020 2771 de
2068 2713 2252 2771 facul·

211 2797 445 2855 tatibus
492 2796 615 2855 suis
664 2798 820 2855 eirea
865 2798 1083 2857 liberos
1130 2799 1264 2873 fuit,
1313 2802 1417 2874 qui
1453 2801 1623 2858 iuxta
1662 2802 1973 2876 antiquum
2013 2821 2250 2861 censum
2288 2815 2355 2862 25

213 2886 383 2944 diues
433 2887 716 2944 inuentus
763 2889 853 2944 est
901 2879 1006 2966 (Γ
1029 2887 1161 2959 Ῡοζ

394 3097 429 3144 5
467 3090 778 3159 pernitioso
819 3093 870 3143 Γ
1046 3097 1111 3144 13
1149 3091 1485 3146 balathrone
1522 3114 1555 3147 ν
1593 3095 1762 3148 lemm.
1907 3094 2125 3148 triuiali
2161 3097 2245 3166 οζ]

210 3162 463 3215 triuialis
492 3161 566 3215 Γ’
583 3162 637 3216 V
770 3161 1093 3216 balatrones
1122 3165 1252 3245 νοζ]
1281 3163 1642 3219 balathrones
1672 3186 1703 3234 γ
1731 3165 2063 3220 balathoues
2091 3168 2187 3222 rV

216 3241 280 3286 14
319 3232 581 3286 triuiales
619 3232 671 3304 c]
710 3232 964 3287 tribiales
1001 3232 1143 3288 P'V
1169 3234 1404 3289 tnuales
1442 3239 1472 3300 ζ
1633 3242 1697 3290 15
1738 3236 1996 3290 seruilius
2035 3238 2244 3309 yvfcg]

210 3304 478 3373 nii-gilius
514 3305 615 3359 rV
749 3303 970 3357 balatro
1005 3305 1130 3375 seg]
1168 3306 1397 3359 baratro
1433 3307 1574 3361 er
1601 3306 1842 3360 bai-atho
1879 3328 1911 3377 y
2087 3314 2150 3361 16
2191 3312 2249 3362 et

211 3393 323 3429 non
350 3380 563 3440 ‹tc-non
590 3381 707 3429 cett.
738 3391 840 3429 nec
868 3377 994 3430 edit.
1170 3382 1235 3429 17
1263 3377 1586 3431 balatrones
1613 3378 1796 3448 fch]
1825 3379 2194 3433 barathrones
2214 3402 2247 3435 ν

210 3447 557 3500 barathones
587 3467 621 3515 γ
653 3446 917 3501 bati-ones
945 3465 976 3501 r
1121 3449 1178 3501 et
1195 3479 1265 3487 —
1284 3449 1551 3519 tenearis]
1584 3450 1683 3503 del.
1707 3450 1886 3503 Ritter
2030 3456 2098 3503 24
2127 3452 2248 3520 opi-

210 3519 338 3571 dius
382 3519 498 3582 ch
650 3522 717 3570 26
753 3517 985 3589 liberos]
1022 3516 1217 3572 liberis
1255 3521 1351 3575 rV
1486 3519 1597 3573 fuit
1634 3522 1733 3591 γν]
1772 3537 1871 3575 om.
1903 3523 2042 3588 rV03
2082 3526 2168 3576 est
2204 3528 2247 3591 ζ,

207 3591 305 3642 sed
331 3606 467 3658 pon.
508 3589 655 3643 inter
691 3589 875 3657 qualis
912 3596 961 3643 et
999 3589 1224 3658 opidius
1370 3591 1626 3659 antiqum
1655 3597 1686 3655 ζ
1768 3617 1776 3626 ·
1827 3598 1893 3645 26
1924 3595 2032 3664 est]
2063 3611 2249 3649 ema-v
