2602 4013
327 214 429 267 XII
1129 210 1539 265 PRAEFATIO

322 383 554 440 familia
581 382 702 454 cpg'
734 382 1214 439 commentatoris
1248 382 1341 438 sui
1367 383 1687 438 maximam
1714 383 1946 457 partem
1973 381 2362 456 prompsisse,

325 472 607 545 quoniam
651 469 977 529 illiusmodi
1023 469 1163 528 libri
1200 469 1642 544 Porphyrionis,
1687 469 1794 528 hi*
1841 469 2088 528 Acronis
2135 489 2349 528 nomen

321 579 463 635 prae
523 578 583 618 se
638 559 790 617 ferre
845 559 1051 617 solent.
1142 558 1267 616 Nec
1322 561 1517 617 minus
1572 559 1818 617 deerant
1868 557 2124 635 Cruquio
2181 559 2347 617 codd.

321 646 516 706 AvV:
580 666 719 705 nam
778 648 840 705 in
895 649 1226 706 carminum
1279 647 1433 705 libro
1489 650 1730 722 quarto,
1794 648 2025 723 epodis,
2088 650 2346 706 carmine

323 738 631 810 saeculari,
676 736 780 794 ubi
814 737 993 794 schol.
1032 737 1089 793 Γ
1117 737 1357 794 omnino
1396 736 1676 794 differunt
1712 737 1787 794 ab
1823 735 1930 795 Av
1944 737 2009 809 V,
2056 755 2345 795 commen-

321 828 483 885 tator
542 824 787 901 Oruquii
840 825 990 882 nihil
1046 824 1211 883 aliud
1264 824 1511 900 praebet
1565 827 1683 885 nisi
1735 826 1912 884 schol.
1960 828 2025 883 Γ.
2123 824 2345 900 Appel-

321 915 608 973 lationem
665 909 1190 973 ‘commentatoris’
1240 932 1310 972 ex
1366 913 1543 973 schol.
1581 912 1620 990 ἓ
1660 933 1710 972 a.
1749 934 1806 990 p.
1850 917 1975 973 120
2031 916 2348 989 sumpsisse

323 1004 471 1061 mihi
515 1001 776 1073 uidetur,
825 1002 1126 1062 codicibus
1173 1020 1312 1061 usus
1350 1006 1439 1061 est
1475 1003 1832 1062 scholiorum
1869 1005 1928 1060 Γ
1961 1002 2348 1061 adauctorum

324 1092 561 1151 scholiis
608 1095 688 1166 λφ
699 1090 784 1164 **,
831 1091 1034 1167 qualia
1080 1092 1365 1150 habemus
1410 1094 1471 1150 in
1520 1091 1819 1150 codicibus
1865 1094 2052 1166 ipsius
2100 1090 2348 1167 Cruquii

323 1182 554 1255 patriae
599 1181 856 1255 propriis
902 1179 1084 1252 fz***
1131 1183 1191 1238 et
1237 1180 1613 1255 aliquatenus
1659 1183 1724 1238 in
1770 1181 1847 1238 D.
1930 1179 2153 1249 Quodsi
2202 1200 2347 1238 non-

321 1269 489 1327 nulla
526 1268 1034 1343 deprehendimus,
1073 1287 1223 1344 quae
1261 1268 1729 1345 Porphyrionem
1767 1271 2025 1344 sapiunt,
2063 1270 2174 1328 hoc
2211 1270 2347 1327 inde

323 1357 605 1433 explicari
660 1357 827 1431 licet,
879 1358 1035 1432 quod
1092 1358 1269 1416 schol.
1320 1361 1408 1433 λφ
1459 1360 1732 1432 inprimis
1780 1359 1855 1416 ad
1899 1356 2350 1434 Porphyrionea

322 1448 550 1505 scholia
592 1446 900 1504 referenda
945 1449 1097 1505 sunt.
1180 1446 1429 1505 Accedit
1473 1447 1630 1521 quod
1678 1445 2002 1522 Cruquium
2049 1449 2231 1505 etiam
2278 1467 2347 1504 ex

324 1535 482 1594 edito
518 1534 925 1610 Porphyrione
973 1534 1385 1593 adnotationes
1432 1536 1664 1609 aliquot
1700 1538 2017 1611 sumpsisse
2054 1536 2345 1593 uideatur.

324 1622 480 1692 Quin
536 1626 719 1682 etiam
773 1643 842 1682 ex
896 1625 1290 1682 recentiorum
1347 1624 1640 1682 editorum
1695 1627 2132 1683 commentariis
2187 1624 2346 1682 haud

321 1731 515 1789 pauca
557 1715 623 1770 in
670 1707 1238 1771 ‘commentatorem’
1279 1731 1452 1770 suum
1487 1713 1799 1772 inserebat.
1872 1712 2346 1771 Adnotationum

324 1804 478 1859 enim
543 1802 931 1878 farraginem,
997 1820 1175 1875 quam
1239 1820 1309 1860 ex
1373 1801 1669 1860 codicibus
1729 1804 2145 1877 manuscriptis
2209 1819 2344 1859 con-

323 1893 601 1967 gesserat,
646 1889 734 1948 ita
778 1891 1082 1964 tractauit,
1129 1893 1198 1948 ut
1241 1909 1359 1949 non
1399 1890 1590 1949 solum
1631 1890 1944 1950 uerborum
1983 1890 2249 1948 ordinem
2287 1894 2347 1949 et

324 1981 849 2053 constructionem,
913 1978 1014 2038 sed
1079 1981 1259 2038 etiam
1326 1979 1507 2039 uerba
1569 1981 1700 2056 ipsa
1761 1982 1820 2039 et
1875 1979 2108 2039 dicendi
2162 1998 2345 2058 genus

322 2070 665 2143 saepissime
719 2071 981 2128 mutaret
1031 2070 1488 2144 innumerasque
1535 2064 1973 2127 emendationes
2019 2088 2126 2143 per
2170 2071 2348 2128 silen-

321 2159 474 2215 tium
518 2160 824 2232 reciperet,
868 2156 1221 2233 ubicumque
1268 2158 1332 2215 id
1378 2161 1482 2216 aut
1528 2176 1729 2217 sensus
1775 2161 1881 2216 aut
1917 2176 2108 2217 sermo
2144 2162 2347 2234 postu-

321 2247 447 2304 lare
501 2246 818 2304 uideretur.
908 2246 1043 2305 Etsi
1096 2265 1214 2304 non
1262 2265 1489 2320 omneS,
1542 2248 1745 2304 tamen
1790 2248 2079 2322 plurimas
2126 2248 2345 2305 formas

325 2338 383 2393 et
430 2336 893 2393 constructiones
939 2337 1138 2408 eiecit,
1185 2354 1337 2410 quae
1383 2354 1419 2393 a
1464 2338 1734 2397 ueterum
1778 2354 1890 2393 usu
1932 2335 2345 2408 abhorrebant,

324 2442 642 2499 earumque
688 2423 818 2482 loco
866 2424 1014 2482 alias
1059 2425 1468 2498 interpolauit,
1514 2443 1664 2499 quae
1712 2442 1845 2482 cum
1893 2423 2189 2482 Ciceronis
2228 2442 2345 2482 ser-

322 2531 494 2570 mone
558 2531 677 2571 non
743 2517 1039 2590 pugnant3
1112 2516 1414 2571 sexcentas
1479 2513 1863 2586 elocutioneS,
1937 2532 2087 2588 quae
2150 2515 2345 2570 minus

323 2602 620 2679 elegantes
656 2600 1028 2675 uidebantur,
1066 2601 1526 2678 elegantioribus
1565 2601 1766 2660 cedere
1799 2605 2008 2679 coegit.
2065 2602 2344 2660 Vbicum-

325 2709 437 2765 que
509 2690 1049 2763 manuscriptorum
1122 2690 1479 2749 scholiorum
1552 2692 1780 2748 textum
1845 2694 2183 2765 corruptum
2249 2691 2344 2748 uel

323 2778 602 2836 mutilum
640 2797 763 2838 esse
799 2778 1071 2853 putabat,
1106 2797 1298 2837 meras
1338 2780 1705 2837 coniecturas
1744 2781 1869 2836 sine
1907 2780 2030 2837 ullo
2069 2780 2344 2852 scrupulo

322 2870 385 2925 in
431 2870 663 2925 textum
707 2868 1032 2926 inculcauit
1076 2886 1183 2926 nec
1228 2888 1514 2943 umquam
1560 2887 1629 2925 ea
1676 2867 1857 2925 uerba
1892 2869 1956 2925 in
1993 2869 2138 2942 ipsis
2176 2868 2368 2926 libris>

323 2973 439 3014 non
486 2955 608 3032 legi
652 2956 885 3014 monuit
928 2958 1222 3014 lectorem.

502 3042 761 3103 Subinde
799 3065 917 3104 non
953 3045 1144 3104 solum
1180 3063 1601 3120 superuacuae,
1638 3045 1740 3103 sed
1777 3047 1959 3103 etiam
1991 3045 2345 3105 falsissimae

325 3136 638 3192 occurrunt
702 3133 1168 3206 emendationeS‚
1231 3136 1301 3193 ut
1365 3152 1416 3191 a.
1473 3153 1529 3208 p.
1603 3135 1712 3192 59:
1770 3128 2109 3193 ‘Praesente
2172 3128 2344 3210 nota]

323 3221 658 3281 Praesentis
713 3224 998 3297 temporis
1055 3223 1410 3281 charactere.
1503 3223 1721 3281 Tracta
1775 3223 2122 3297 metaphora
2175 3225 2264 3279 est
2311 3241 2347 3279 a

500 3373 526 3400 ”¹
563 3372 639 3425 Vt
668 3376 753 3442 ρζ
790 3375 943 3428 Ferr.
984 3375 1140 3428 Flor.

472 3444 526 3472 ''¹¹‘'
562 3444 715 3497 Haec
762 3445 976 3497 scholia
1021 3444 1350 3514 propediem
1398 3445 1561 3499 edere
1608 3444 1718 3498 sibi
1755 3445 2048 3514 proposuit
2084 3443 2348 3497 Alfredus

322 3514 533 3569 Holder
570 3514 941 3568 amicissimus
1929 3519 1931 3521 ’

443 3586 522 3614 ”¹¹⁸
560 3585 692 3640 Cod.
730 3586 766 3652 f
793 3603 942 3639 nunc
980 3587 1436 3641 Leeuwardensis
1474 3591 1575 3655 eet,
1614 3605 1643 3642 z
1679 3588 1968 3643 Leidensis
