2602 4013
971 220 1184 276 snam.
1203 221 1256 274 11
1287 226 1318 274 τ
2037 216 2161 286 191

322 382 430 450 54.
455 425 480 451 .
510 388 664 466 §Ex
722 390 917 450 indice
964 382 1081 472 (c)]
1173 391 1265 449 Ex
1320 391 1508 451 electo
1562 393 1722 467 uiro,
1789 392 1931 466 quia
1985 390 2166 468 elige-

169 477 401 646 {22³5
422 479 663 650 iuzdges.
781 478 978 540 Dama
1049 482 1251 540 autem
1324 480 1539 541 seruile
1610 498 1826 539 nomen
1898 482 2015 555 est,
2096 483 2168 539 ut

314 612 327 626 .
404 613 421 643 ,
584 613 601 627 .

447 693 568 753 Hic
611 692 810 753 Dama
855 695 947 753 est
990 712 1111 752 non
1155 693 1362 754 tressis
1407 712 1589 772 agaso
1638 685 1762 774 (Pf
1773 695 1854 753 Vc

171 916 275 1002 (Pf
281 828 427 983 156.
510 835 861 896 *Induceris
918 827 1033 918 (c)]
1127 836 1371 896 Scilicet
1431 839 1496 896 in
1561 837 1804 898 domum
1857 836 2166 896 adulterae
2224 849 2273 896 ‚5

355 943 386 985 c

312 1023 426 1093 57.
503 1031 897 1092 *Altercante
944 1024 1061 1114 (c)]
1143 1032 1541 1111 Repugnante
1588 1025 1854 1114 (Pszc

307 1137 469 1199 Idest
521 1140 589 1197 in
643 1142 705 1198 te
751 1140 930 1199 simul
974 1140 1157 1199 timor
1201 1142 1262 1198 et
1306 1139 1514 1198 libido>
1538 1143 1862 1217 repugnat,
1917 1138 2058 1199 dum
2104 1142 2166 1199 et

165 1228 301 1303 cupis
345 1230 405 1286 et
448 1227 629 1288 times
675 1227 1039 1288 adulterim
1085 1228 1456 1288 committere
1504 1220 1658 1309 (sz
1672 1229 1727 1287 V

313 1326 428 1395 58.
490 1332 529 1410 ἓ
550 1332 707 1403 Quid
750 1355 797 1395 r.
838 1326 953 1417 (c)]
1035 1334 1200 1395 Idest
1243 1336 1396 1394 nihil
1439 1336 1691 1395 interest
1733 1337 1892 1395 inter
1937 1335 2163 1414 gladia·
2204 1347 2273 1396 10

163 1424 322 1481 torem
373 1426 437 1483 et
492 1423 858 1499 adulterum,
921 1442 1062 1483 nam
1117 1424 1482 1503 gladiatores
1536 1426 1628 1484 ita
1681 1443 1742 1484 se
1787 1424 2058 1484 uendunt
2103 1426 2165 1483 et

165 1513 432 1678 {autiones
479 1513 737 1573 faciunt:
795 1513 892 1572 uri
936 1512 1218 1588 flammis,
1264 1515 1452 1592 uirgis
1499 1515 1713 1589 secari,
1760 1514 1918 1574 ferro
1963 1514 2163 1573 necari

189 1601 234 1656 Γ
241 1601 273 1673 f
290 1601 373 1660 Vc

311 1691 530 1749 Aliter:
582 1692 742 1750 inter
785 1690 1184 1768 gladiatorem
1227 1692 1656 1768 moechumque
1701 1692 1854 1751 nihil
1898 1694 2162 1751 interest.

309 1778 387 1839 Et
437 1777 587 1839 haec
641 1779 825 1840 uerba
879 1783 1018 1839 sunt
1073 1799 1305 1856 eorum,
1362 1782 1467 1856 qui
1521 1780 1883 1859 gladiatores
1939 1783 2163 1856 emunt,
2203 1793 2270 1842 15

169 1866 532 1927 conditionem
578 1871 1057 1945 proponentium,
1102 1869 1318 1946 quibus
1365 1888 1427 1929 se
1472 1869 1756 1929 uendunt.
1843 1869 2161 1930 Cautiones

168 1952 330 2016 dando
389 1958 733 2018 huiusmodi
795 1957 1121 2019 faciebant:
1195 1960 1291 2018 uri
1354 1958 1636 2034 flammis,
1705 1959 1892 2038 uirgis
1957 1960 2162 2035 secari,

167 2042 291 2105 ferro
332 2046 529 2106 necari
577 2038 701 2127 (1⁷70
713 2048 770 2107 V

312 2146 423 2215 59.
470 2153 878 2215 *Auctoratus
926 2146 1041 2236 (c)]
1123 2155 1435 2230 Addictus,
1481 2155 1962 2232 condempnatus,
2045 2154 2162 2225 Qui
2260 2227 2271 2232 „

168 2255 214 2296 se
273 2243 529 2302 uendunt
600 2242 770 2320 lude,
844 2245 1142 2304 auctorati
1213 2247 1531 2321 uocantur3
1605 2245 1937 2305 auctoratio
2002 2247 2162 2304 enim
2198 2259 2269 2307 20

167 2326 350 2389 dicitur
390 2331 661 2391 uenditio
706 2333 1109 2411 gladiatorum
1157 2325 1283 2414 (Pf
1282 2351 1313 2392 0

309 2419 400 2478 An
445 2424 491 2479 t.
529 2439 578 2480 c.
618 2412 734 2502 (c)]
817 2420 984 2481 Idest
1041 2441 1117 2480 an
1161 2424 1226 2480 in
1273 2422 1570 2481 adulterio
1617 2424 2051 2499 conprehensus
2096 2425 2163 2482 in

167 2522 277 2566 που,
332 2510 703 2570 concludaris
770 2511 845 2570 ab
912 2511 1158 2585 ancilla,
1223 2530 1375 2586 quae
1440 2513 1676 2571 conscia
1735 2514 1826 2571 est
1880 2511 2162 2573 adulterii

165 2591 399 2658 dominae
445 2618 606 2675 suae,
653 2619 726 2659 ne
771 2603 834 2659 te
879 2601 1131 2660 maritus
1176 2598 1492 2659 inueniat?
1537 2591 1763 2682 (I'sz

309 2697 421 2766 60.
505 2705 791 2766 *Peccati
836 2725 884 2766 c.
924 2697 1039 2788 (c)]
1131 2706 1248 2767 Pro
1296 2726 1393 2782 ea,
1449 2726 1584 2766 cum
1633 2726 1752 2783 qua
1799 2707 2159 2768 adulterium
2197 2722 2268 2771 25

166 2796 495 2870 commisisti,
542 2797 650 2854 aut
695 2796 915 2855 ancilla
961 2798 1087 2855 eius
1136 2789 1260 2877 (Pf
1258 2813 1289 2854 0

166 2976 296 3062 (ΓΕ
309 2893 420 2963 61.
514 2901 549 2936 '⁸¹
565 2899 953 2962 Contractum
1035 2894 1149 2984 (c)]
1259 2901 1512 2979 Propter
1594 2906 1904 2982 angustias
1988 2923 2160 2963 arcae

306 3005 337 3048 ι
352 3007 383 3048 0

307 3078 649 3139 *Describit
691 3081 758 3138 in
803 3083 1060 3158 angusta
1105 3099 1243 3140 arca
1287 3080 1583 3141 inclusum
1632 3073 1827 3162 (I'fzc

309 3254 335 3300 1
364 3247 584 3303 indices
603 3247 961 3319 eligebantur
973 3251 1047 3306 Vc
1156 3256 1186 3303 2
1209 3250 1378 3304 dama
1395 3250 1455 3322 f]
1476 3250 1660 3304 clama
1678 3268 1707 3305 0
1726 3250 1952 3305 damma
1972 3253 2026 3303 Γ
2041 3250 2094 3304 7

163 3317 189 3364 4
222 3315 373 3373 duna
414 3320 503 3391 fc]
554 3319 781 3374 damma
827 3320 946 3375 PV
1158 3328 1224 3376 15
1269 3322 1446 3375 uerba
1492 3322 1646 3392 sunt]
1693 3320 1806 3375 fuit
1849 3322 1966 3392 (109.
2007 3323 2159 3389 sunt)

162 3386 303 3442 uerba
330 3391 382 3446 7
577 3396 644 3445 16
683 3391 1069 3448 condicionem
1101 3394 1230 3460 PV,
1267 3392 1374 3460 def.
1402 3393 1440 3459 f
1631 3396 1694 3446 17
1737 3391 1923 3446 dando
1950 3410 1982 3446 r
2018 3391 2095 3444 dd
2123 3412 2157 3462 y

164 3453 400 3515 dederunt
435 3461 489 3516 7
518 3477 763 3531 namque
799 3464 837 3530 f
913 3481 930 3484 ‘¹
1005 3470 1072 3517 22
1112 3480 1311 3533 conpr:
1348 3465 1447 3587 ἡ]
1477 3480 1692 3533 compr:
1733 3464 1854 3518 Γ7
1997 3464 2155 3518 in‘a:

164 3530 335 3602 conch]
367 3532 650 3588 claudaris
679 3534 740 3587 in
767 3533 937 3589 archa
964 3552 994 3590 0
1138 3541 1205 3589 26
1235 3535 1380 3607 eius]
1452 3535 1531 3589 eri
1559 3551 1589 3589 0
1732 3541 1799 3589 29
1830 3534 2101 3590 describis
2128 3552 2161 3590 0

164 3595 423 3673 descripsit
460 3608 514 3659 Γ
535 3620 567 3658 z
594 3622 694 3660 om.
722 3606 761 3673 f
2158 3633 2159 3636 ¹
