2602 4013
1041 223 1451 278 PRAEFATIO
2207 225 2258 278 V

268 395 461 451 rionem
499 394 605 453 sub
648 394 1131 452 commentatoris
1170 395 1406 451 nomine
1444 392 1661 452 diserte
1697 394 1906 452 laudat
1942 412 1993 451 a.
2024 413 2079 467 p.
2114 395 2257 452 120.

270 481 572 559 Vergilium
625 481 872 541 subinde
917 482 1230 540 Maronem
1283 481 1580 556 nominat,
1635 481 1793 558 quod
1839 482 2079 558 quidem
2123 501 2260 541 nus-

267 590 423 644 quam
485 570 554 630 fit
613 573 676 629 in
742 570 939 641 codice
993 568 1069 628 A.
1168 571 1292 629 Nec
1357 573 1547 648 magis
1612 573 1908 647 scriptura
1974 571 2261 645 Veryilius

262 662 530 734 reperitur
573 662 811 735 praeter
855 660 1253 718 recensionem
1298 655 1392 718 A'.

419 748 787 807 Scholiorum
843 746 881 822 ξ
930 740 1042 824 (=
1072 741 1150 805 Γ’
1173 740 1285 822 Vc)
1335 748 1478 806 ordo
1534 750 1585 807 is
1642 750 1796 822 erat,
1850 750 1920 805 ut
1971 748 2262 823 epistulae

258 839 547 913 tamquam
611 855 823 915 agmen
887 837 1228 896 clauderent
1293 829 1394 917 (cf.
1459 837 1569 911 epi.
1627 837 1689 895 H
1747 839 1802 912 2,
1853 829 1984 911 68).
2092 835 2263 895 Vnde

258 927 461 984 factum
499 928 607 1000 est,
642 930 713 984 ut
746 927 893 984 haec
929 926 1153 984 scholia
1189 925 1297 985 sub
1336 926 1511 984 finem
1545 926 1936 1000 epistularum
1966 921 2026 983 et
2051 944 2264 984 manca

260 1020 310 1072 et
366 1018 645 1091 corrupta
707 1016 771 1072 in
834 1017 1068 1074 nostras
1131 1033 1342 1074 manus
1396 1017 1683 1073 uenerint.
1777 1014 1930 1083 Quid
1985 1014 2146 1090 quod
2199 1017 2265 1073 in

257 1106 423 1179 stirpe
460 1104 515 1160 Z
551 1095 665 1184 (=
694 1120 771 1177 cp
782 1104 814 1173 ζ
844 1103 1086 1161 Ferrar.
1125 1096 1411 1185 florent.)
1460 1123 1660 1163 omnes
1697 1104 1935 1162 omnino
1975 1104 2266 1179 epistulae

252 1194 689 1267 praetermissae
753 1194 906 1250 sunt.
1005 1191 1121 1251 Hic
1183 1194 1373 1270 igitur
1435 1193 1662 1252 codices
1723 1188 1801 1249 F‘
1858 1184 2108 1274 (ryv)V
2155 1212 2263 1267 pro

254 1283 485 1355 optimis,
532 1281 788 1340 testibus
841 1280 1096 1339 habendi
1152 1285 1315 1355 sunt,
1368 1285 1499 1355 aut,
1545 1282 1596 1340 si
1653 1282 1709 1340 V
1749 1280 1960 1356 deficit,
2007 1276 2087 1338 Γ’
2133 1282 2264 1355 soli,

252 1375 311 1427 ut
354 1373 462 1445 epi.
496 1370 561 1428 H
611 1373 668 1444 2,
701 1369 1077 1443 114—fin.,
1134 1372 1240 1427 aut
1284 1372 1343 1427 Γ
1357 1371 1422 1443 V,
1477 1369 1581 1427 ubi
1637 1370 1834 1429 codice
1889 1391 1926 1427 ν
1982 1388 2266 1445 caremuS,

252 1464 312 1517 ut
353 1462 462 1535 epi.
500 1459 531 1516 I
584 1461 666 1517 20
689 1458 853 1515 -Π
902 1460 958 1530 2,
994 1459 1104 1533 653
1160 1462 1221 1517 et
1275 1458 1548 1533 quamuis
1601 1458 1666 1516 in
1714 1459 1983 1535 epistulis
2030 1478 2267 1534 quoque

252 1549 598 1607 scholiorum
634 1542 788 1605 F'V
813 1547 1072 1605 indolem
1120 1566 1254 1606 cum
1289 1549 1626 1606 recensione
1666 1545 1703 1622 ξ
1741 1549 2092 1624 plerumque
2132 1566 2265 1607 con-

251 1639 453 1695 sentire
508 1639 768 1709 constet,
823 1636 967 1694 adeo
1022 1638 1090 1693 ut
1145 1637 1291 1712 quin
1346 1637 1471 1694 illic
1527 1636 1703 1695 schol.
1747 1631 1897 1694 F'V
1943 1655 2149 1694 reuera
2198 1657 2268 1694 ex

249 1728 577 1785 recensione
634 1723 672 1799 ξ
722 1724 999 1783 fluxerint
1043 1727 1145 1782 uix
1190 1727 1382 1800 possis
1430 1725 1727 1799 dubitare,
1780 1727 1982 1783 tamen
2030 1728 2170 1799 quia
2216 1726 2274 1782 Z

250 1815 426 1890 deest,
470 1818 691 1873 timens
737 1813 961 1888 nequid
1003 1816 1225 1872 temere
1270 1815 1689 1889 interpoletur,
1744 1833 1863 1872 non
1910 1832 2087 1872 ausus
2135 1832 2266 1873 sum

250 1905 605 1982 paragraphi
651 1902 865 1961 addere
911 1905 1161 1979 signum.
1244 1903 1402 1960 Nam
1444 1921 1513 1961 ea
1548 1904 1682 1977 ipsa
1728 1903 1798 1960 de
1845 1921 2025 1960 causa
2068 1922 2268 1961 recen-

251 1995 458 2052 sionem
508 1993 566 2051 Z
609 2012 971 2068 quamquam
1017 1990 1446 2051 nouissimam*
1490 1992 1652 2051 haud
1700 2011 1941 2068 prorsus
1990 2011 2267 2067 spernen-

251 2083 375 2140 dam
429 2084 735 2155 duximus,
796 2083 939 2156 quia
993 2082 1197 2140 multis
1252 2081 1812 2157 interpolationibus
1868 2100 1937 2139 ex
1992 2082 2170 2140 schol.
2219 2084 2278 2138 Γ

250 2171 501 2231 oriundis
549 2190 671 2229 non
717 2173 995 2245 corrupta
1043 2172 1149 2246 est,
1195 2170 1257 2227 id
1304 2170 1461 2245 quod
1508 2170 1840 2229 luculenter
1877 2170 2170 2242 docemur,
2217 2173 2270 2229 si

249 2260 375 2318 libri
429 2259 664 2337 epodon
717 2258 896 2318 finem
952 2277 1389 2334 comparamuS,
1452 2258 1556 2317 ubi
1609 2276 1684 2332 cp
1741 2261 2080 2318 constanter
2134 2278 2269 2318 cum

248 2347 347 2423 A§
402 2342 574 2429 (uide
628 2348 780 2406 Add.
827 2349 942 2407 uol.
972 2348 1034 2405 II
1079 2369 1136 2423 p.
1168 2338 1353 2427 511),
1421 2348 1476 2405 V
1522 2366 1663 2406 uero
1717 2339 2045 2428 (interpol.)
2094 2366 2270 2423 saepe

251 2457 370 2496 cum
415 2441 474 2496 Γ
511 2438 707 2496 facere
754 2437 1038 2496 uidemus.
1129 2435 1453 2495 Ceterum
1500 2438 1737 2494 nescio
1786 2455 1872 2494 an
1918 2437 2066 2494 fere
2111 2436 2268 2494 ubi-

252 2546 397 2602 que,
452 2527 613 2585 dum
667 2527 774 2583 vV
823 2527 1240 2603 congruant,
1305 2527 1521 2584 etiam
1576 2524 2094 2584 deficientibus
2150 2526 2276 2597 οΡζ

251 2621 319 2672 ut
352 2618 422 2674 in
457 2617 642 2692 ipsis
681 2615 1163 2689 epistularum
1198 2613 1438 2688 libris,
1476 2615 1753 2691 signum
1787 2611 1825 2687 ἓ
1862 2615 2016 2672 iure
2044 2613 2271 2672 fuerit

252 2703 819 2763 adscribendum.

415 2793 841 2853 Recensionem
885 2791 940 2848 Z
992 2811 1061 2849 ex
1117 2791 1241 2851 cod.
1282 2786 1395 2865 >V',
1448 2789 1604 2850 unde
1662 2792 1717 2849 V
1755 2793 1883 2867 ipse
1939 2791 2269 2867 descriptus

253 2885 350 2954 est,
392 2882 685 2960 originem
718 2882 970 2940 traxisse
1005 2881 1212 2938 multis
1247 2881 1395 2938 locis
1432 2880 1714 2939 facillime
1750 2880 2008 2956 perspici
2042 2882 2268 2955 potest:

253 2968 519 3030 librarius
580 2970 631 3027 V
674 2969 975 3044 exemplar
1029 2988 1200 3028 suum
1255 2970 1763 3045 scrupulosissime
1810 2968 2146 3044 descripsit,
2210 2971 2273 3028 et

254 3060 438 3133 siquid
475 3061 637 3118 certo
674 3059 868 3136 legere
904 3057 1208 3132 nequibat,
1244 3058 1308 3115 id
1346 3060 1450 3115 aut
1485 3058 1783 3117 tumidiore
1823 3056 2078 3132 quodam
2105 3058 2269 3116 litte-

254 3165 442 3206 rarum
507 3148 690 3207 ductu
745 3151 851 3205 aut
903 3147 1122 3205 litteris
1179 3146 1412 3221 aliquot
1463 3148 1560 3205 uel
1614 3146 1861 3205 uocibus
1920 3148 2151 3205 omissis
2209 3150 2271 3205 et

423 3389 448 3414 *
487 3387 616 3441 Cod.
666 3404 694 3441 c
741 3402 881 3440 saec.
919 3386 1023 3439 XV
1073 3386 1314 3455 scriptus
1361 3388 1470 3453 est,
1516 3386 1654 3440 item
1699 3388 1927 3439 auctore
1974 3384 2269 3440 Chatelain

132 3473 158 3514 e
260 3457 369 3510 cod.
401 3477 445 3527 p
482 3460 539 3512 et
576 3458 693 3512 cod.
734 3463 776 3522 ζ,
813 3459 1169 3512 Ferrarensis
1205 3460 1263 3511 et
1292 3457 1657 3512 Florentinus
1693 3459 1920 3511 auctore
1947 3456 2266 3512 RamorinO.

260 3528 473 3582 Fen-ar.
504 3531 589 3584 est
624 3529 745 3582 cod.
776 3528 934 3583 class.
965 3529 1016 3581 Π
1052 3546 1131 3582 nr.
1165 3534 1265 3582 192
1295 3527 1675 3583 bibliothecae
1703 3528 2066 3596 Ferrarensis‚
2105 3529 2268 3582 Flor.

263 3603 340 3651 est
374 3601 655 3654 societatis
694 3599 1083 3654 Columbariae
1124 3600 1242 3653 cod.
1280 3616 1363 3652 nr.
1396 3606 1424 3653 1
