<?xml version="1.0" encoding="UTF-8"?>
<!DOCTYPE html PUBLIC "-//W3C//DTD XHTML 1.0 Transitional//EN"
    "http://www.w3.org/TR/xhtml1/DTD/xhtml1-transitional.dtd">
<html xmlns="http://www.w3.org/1999/xhtml" xml:lang="en" lang="en">
 <head>
  <title>
</title>
<meta http-equiv="Content-Type" content="text/html;charset=utf-8" />
  <meta name='ocr-system' content='tesseract 3.04.00' />
  <meta name='ocr-capabilities' content='ocr_page ocr_carea ocr_par ocr_line ocrx_word'/>
</head>
<body>
  <div class='ocr_page' id='page_1' title='image "./pseudacronissch03kellgoog_0336.png"; bbox 0 0 2602 4013; ppageno 0'>
   <div class='ocr_carea' id='block_1_1' title="bbox 419 214 1788 281">
    <p class='ocr_par' dir='ltr' id='par_1_1' title="bbox 419 214 1788 281">
     <span class='ocr_line' id='line_1_1' title="bbox 419 214 1788 281; baseline -0.007 0"><span class='ocrx_word' id='word_1_1' title='bbox 419 214 549 281; x_wconf 82' lang='grc'><strong>248</strong></span> <span class='ocrx_word' id='word_1_2' title='bbox 1078 215 1323 271; x_wconf 72' lang='grc' dir='ltr'><strong>8οΗοΒ.</strong></span> <span class='ocrx_word' id='word_1_3' title='bbox 1346 215 1417 270; x_wconf 87' lang='grc' dir='ltr'><strong>Γ’</strong></span> <span class='ocrx_word' id='word_1_4' title='bbox 1429 217 1483 271; x_wconf 90' lang='lat' dir='ltr'><strong><em>V</em></strong></span> <span class='ocrx_word' id='word_1_5' title='bbox 1503 216 1593 270; x_wconf 80' lang='lat' dir='ltr'><strong>IN·</strong></span> <span class='ocrx_word' id='word_1_6' title='bbox 1617 215 1788 271; x_wconf 87' lang='lat' dir='ltr'><strong>HOR.</strong></span> 
     </span>
    </p>
   </div>
   <div class='ocr_carea' id='block_1_2' title="bbox 303 384 2456 2420">
    <p class='ocr_par' dir='ltr' id='par_1_2' title="bbox 303 384 2456 2420">
     <span class='ocr_line' id='line_1_2' title="bbox 413 384 2456 463; baseline 0.001 -20"><span class='ocrx_word' id='word_1_7' title='bbox 413 384 652 445; x_wconf 85' lang='lat' dir='ltr'><strong>fidelior</strong></span> <span class='ocrx_word' id='word_1_8' title='bbox 696 387 752 443; x_wconf 92' lang='lat' dir='ltr'><strong>ei</strong></span> <span class='ocrx_word' id='word_1_9' title='bbox 796 384 1128 459; x_wconf 86' lang='lat' dir='ltr'><strong>uideretur,</strong></span> <span class='ocrx_word' id='word_1_10' title='bbox 1172 385 1520 460; x_wconf 87' lang='lat' dir='ltr'><strong>parcissime</strong></span> <span class='ocrx_word' id='word_1_11' title='bbox 1567 385 1922 460; x_wconf 78' lang='lat' dir='ltr'><strong>epulabatur</strong></span> <span class='ocrx_word' id='word_1_12' title='bbox 1965 387 2341 463; x_wconf 85' lang='lat' dir='ltr'><strong>intantum,</strong></span> <span class='ocrx_word' id='word_1_13' title='bbox 2386 392 2456 445; x_wconf 89' lang='lat' dir='ltr'><strong>ut</strong></span> 
     </span>
     <span class='ocr_line' id='line_1_3' title="bbox 415 469 2454 553; baseline 0.001 -21"><span class='ocrx_word' id='word_1_14' title='bbox 415 475 773 535; x_wconf 72' lang='lat' dir='ltr'><strong>intermissis</strong></span> <span class='ocrx_word' id='word_1_15' title='bbox 821 474 1100 534; x_wconf 87' lang='lat' dir='ltr'><strong>carnibus</strong></span> <span class='ocrx_word' id='word_1_16' title='bbox 1144 473 1344 533; x_wconf 86' lang='lat' dir='ltr'><strong>herbis</strong></span> <span class='ocrx_word' id='word_1_17' title='bbox 1377 469 1741 549; x_wconf 58' lang='lat' dir='ltr'><strong>&#39;uesceretun</strong></span> <span class='ocrx_word' id='word_1_18' title='bbox 1789 477 1854 534; x_wconf 89' lang='lat' dir='ltr'><strong>at</strong></span> <span class='ocrx_word' id='word_1_19' title='bbox 1897 474 1963 533; x_wconf 88' lang='lat' dir='ltr'><strong>in</strong></span> <span class='ocrx_word' id='word_1_20' title='bbox 2008 478 2239 535; x_wconf 88' lang='lat' dir='ltr'><strong>secreto</strong></span> <span class='ocrx_word' id='word_1_21' title='bbox 2276 475 2454 553; x_wconf 80' lang='lat' dir='ltr'><strong>gulae</strong></span> 
     </span>
     <span class='ocr_line' id='line_1_4' title="bbox 415 562 2454 640; baseline 0 -18"><span class='ocrx_word' id='word_1_22' title='bbox 415 563 767 640; x_wconf 78' lang='lat' dir='ltr'><strong>indulgeret.</strong></span> <span class='ocrx_word' id='word_1_23' title='bbox 858 562 1030 621; x_wconf 86' lang='lat' dir='ltr'><strong>Vnde</strong></span> <span class='ocrx_word' id='word_1_24' title='bbox 1084 562 1234 621; x_wconf 88' lang='lat' dir='ltr'><strong>dicit</strong></span> <span class='ocrx_word' id='word_1_25' title='bbox 1286 565 1490 638; x_wconf 87' lang='lat' dir='ltr'><strong>poeta:</strong></span> <span class='ocrx_word' id='word_1_26' title='bbox 1552 565 1618 621; x_wconf 92' lang='lat' dir='ltr'><strong>in</strong></span> <span class='ocrx_word' id='word_1_27' title='bbox 1671 563 1867 623; x_wconf 92' lang='lat' dir='ltr'><strong>medio</strong></span> <span class='ocrx_word' id='word_1_28' title='bbox 1923 566 2221 625; x_wconf 89' lang='lat' dir='ltr'><strong>sociorum</strong></span> <span class='ocrx_word' id='word_1_29' title='bbox 2268 565 2454 623; x_wconf 89' lang='lat' dir='ltr'><strong>absti-</strong></span> 
     </span>
     <span class='ocr_line' id='line_1_5' title="bbox 415 652 2453 728; baseline 0 -16"><span class='ocrx_word' id='word_1_30' title='bbox 415 671 559 712; x_wconf 85' lang='lat' dir='ltr'><strong>nens</strong></span> <span class='ocrx_word' id='word_1_31' title='bbox 615 654 890 728; x_wconf 81' lang='lat' dir='ltr'><strong>protinus</strong></span> <span class='ocrx_word' id='word_1_32' title='bbox 947 653 1031 712; x_wconf 85' lang='lat' dir='ltr'><strong>sic</strong></span> <span class='ocrx_word' id='word_1_33' title='bbox 1086 652 1248 711; x_wconf 81' lang='lat' dir='ltr'><strong>uiuis</strong></span> <span class='ocrx_word' id='word_1_34' title='bbox 1262 696 1278 725; x_wconf 88' lang='lat'>,</span> <span class='ocrx_word' id='word_1_35' title='bbox 1342 654 1412 710; x_wconf 86' lang='lat' dir='ltr'><strong>ut</strong></span> <span class='ocrx_word' id='word_1_36' title='bbox 1462 655 1524 712; x_wconf 91' lang='lat' dir='ltr'><strong>te</strong></span> <span class='ocrx_word' id='word_1_37' title='bbox 1579 654 1787 712; x_wconf 86' lang='lat' dir='ltr'><strong>statim</strong></span> <span class='ocrx_word' id='word_1_38' title='bbox 1830 654 2071 712; x_wconf 83' lang='lat' dir='ltr'><strong>inauret</strong></span> <span class='ocrx_word' id='word_1_39' title='bbox 2114 656 2285 712; x_wconf 88' lang='lat' dir='ltr'><strong>riuus</strong></span> <span class='ocrx_word' id='word_1_40' title='bbox 2333 655 2453 713; x_wconf 88' lang='lat' dir='ltr'><strong>for·</strong></span> 
     </span>
     <span class='ocr_line' id='line_1_6' title="bbox 343 741 2451 819; baseline -0.001 -16"><span class='ocrx_word' id='word_1_41' title='bbox 343 754 374 803; x_wconf 82' lang='lat'>5</span> <span class='ocrx_word' id='word_1_42' title='bbox 413 745 623 816; x_wconf 82' lang='lat' dir='ltr'><strong>tunae,</strong></span> <span class='ocrx_word' id='word_1_43' title='bbox 678 741 836 801; x_wconf 88' lang='lat' dir='ltr'><strong>idest</strong></span> <span class='ocrx_word' id='word_1_44' title='bbox 880 743 1068 800; x_wconf 87' lang='lat' dir='ltr'><strong>tantis</strong></span> <span class='ocrx_word' id='word_1_45' title='bbox 1115 742 1329 799; x_wconf 87' lang='lat' dir='ltr'><strong>frueris</strong></span> <span class='ocrx_word' id='word_1_46' title='bbox 1375 741 1632 815; x_wconf 87' lang='lat' dir='ltr'><strong>diuitiis,</strong></span> <span class='ocrx_word' id='word_1_47' title='bbox 1681 743 1921 817; x_wconf 87' lang='lat' dir='ltr'><strong>quantis</strong></span> <span class='ocrx_word' id='word_1_48' title='bbox 1965 742 2135 800; x_wconf 87' lang='lat' dir='ltr'><strong>Mida</strong></span> <span class='ocrx_word' id='word_1_49' title='bbox 2179 763 2299 818; x_wconf 83' lang='lat' dir='ltr'><strong>rex,</strong></span> <span class='ocrx_word' id='word_1_50' title='bbox 2349 743 2451 819; x_wconf 89' lang='lat' dir='ltr'><strong>qui</strong></span> 
     </span>
     <span class='ocr_line' id='line_1_7' title="bbox 412 830 2451 908; baseline 0 -19"><span class='ocrx_word' id='word_1_51' title='bbox 412 834 623 907; x_wconf 91' lang='lat' dir='ltr'><strong>petens</strong></span> <span class='ocrx_word' id='word_1_52' title='bbox 671 830 746 889; x_wconf 88' lang='lat' dir='ltr'><strong>ab</strong></span> <span class='ocrx_word' id='word_1_53' title='bbox 792 830 1100 906; x_wconf 85' lang='lat' dir='ltr'><strong>Apolline,</strong></span> <span class='ocrx_word' id='word_1_54' title='bbox 1145 832 1218 888; x_wconf 89' lang='lat' dir='ltr'><strong>ut</strong></span> <span class='ocrx_word' id='word_1_55' title='bbox 1263 831 1483 904; x_wconf 88' lang='lat' dir='ltr'><strong>omnia,</strong></span> <span class='ocrx_word' id='word_1_56' title='bbox 1528 849 1680 905; x_wconf 88' lang='lat' dir='ltr'><strong>quae</strong></span> <span class='ocrx_word' id='word_1_57' title='bbox 1725 833 2019 908; x_wconf 86' lang='lat' dir='ltr'><strong>tangeret,</strong></span> <span class='ocrx_word' id='word_1_58' title='bbox 2065 850 2279 890; x_wconf 92' lang='lat' dir='ltr'><strong>aurum</strong></span> <span class='ocrx_word' id='word_1_59' title='bbox 2326 831 2451 890; x_wconf 86' lang='lat' dir='ltr'><strong>effi·</strong></span> 
     </span>
     <span class='ocr_line' id='line_1_8' title="bbox 414 918 2447 997; baseline 0 -19"><span class='ocrx_word' id='word_1_60' title='bbox 414 922 713 993; x_wconf 88' lang='lat' dir='ltr'><strong>cerentur‚</strong></span> <span class='ocrx_word' id='word_1_61' title='bbox 769 922 979 993; x_wconf 92' lang='lat' dir='ltr'><strong>postea</strong></span> <span class='ocrx_word' id='word_1_62' title='bbox 1033 918 1254 992; x_wconf 87' lang='lat' dir='ltr'><strong>doluit,</strong></span> <span class='ocrx_word' id='word_1_63' title='bbox 1312 920 1455 995; x_wconf 89' lang='lat' dir='ltr'><strong>quia</strong></span> <span class='ocrx_word' id='word_1_64' title='bbox 1512 918 1709 978; x_wconf 91' lang='lat' dir='ltr'><strong>cibum</strong></span> <span class='ocrx_word' id='word_1_65' title='bbox 1765 923 2011 997; x_wconf 85' lang='lat' dir='ltr'><strong>tangere</strong></span> <span class='ocrx_word' id='word_1_66' title='bbox 2054 940 2188 979; x_wconf 87' lang='lat' dir='ltr'><strong>non</strong></span> <span class='ocrx_word' id='word_1_67' title='bbox 2232 921 2447 995; x_wconf 74' lang='lat' dir='ltr'><strong>potuit,</strong></span> 
     </span>
     <span class='ocr_line' id='line_1_9' title="bbox 410 1002 2449 1085; baseline 0.001 -19"><span class='ocrx_word' id='word_1_68' title='bbox 410 1010 561 1084; x_wconf 88' lang='lat' dir='ltr'><strong>quin</strong></span> <span class='ocrx_word' id='word_1_69' title='bbox 606 1008 815 1067; x_wconf 87' lang='lat' dir='ltr'><strong>statim</strong></span> <span class='ocrx_word' id='word_1_70' title='bbox 857 1009 926 1065; x_wconf 83' lang='lat' dir='ltr'><strong>in</strong></span> <span class='ocrx_word' id='word_1_71' title='bbox 974 1026 1184 1066; x_wconf 88' lang='lat' dir='ltr'><strong>aurum</strong></span> <span class='ocrx_word' id='word_1_72' title='bbox 1229 1002 1590 1081; x_wconf 86' lang='lat' dir='ltr'><strong>uerteretur,</strong></span> <span class='ocrx_word' id='word_1_73' title='bbox 1636 1027 2074 1085; x_wconf 91' lang='lat' dir='ltr'><strong>conuersusque</strong></span> <span class='ocrx_word' id='word_1_74' title='bbox 2122 1009 2200 1067; x_wconf 90' lang='lat' dir='ltr'><strong>ad</strong></span> <span class='ocrx_word' id='word_1_75' title='bbox 2246 1028 2449 1085; x_wconf 84' lang='lat' dir='ltr'><strong>preces</strong></span> 
     </span>
     <span class='ocr_line' id='line_1_10' title="bbox 413 1095 2448 1174; baseline -0 -18"><span class='ocrx_word' id='word_1_76' title='bbox 413 1097 693 1174; x_wconf 89' lang='lat' dir='ltr'><strong>Apolline</strong></span> <span class='ocrx_word' id='word_1_77' title='bbox 748 1114 1097 1172; x_wconf 87' lang='lat' dir='ltr'><strong>responsum</strong></span> <span class='ocrx_word' id='word_1_78' title='bbox 1153 1096 1334 1156; x_wconf 89' lang='lat' dir='ltr'><strong>dante</strong></span> <span class='ocrx_word' id='word_1_79' title='bbox 1391 1095 1601 1155; x_wconf 86' lang='lat' dir='ltr'><strong>mersit</strong></span> <span class='ocrx_word' id='word_1_80' title='bbox 1645 1100 1828 1172; x_wconf 89' lang='lat' dir='ltr'><strong>caput</strong></span> <span class='ocrx_word' id='word_1_81' title='bbox 1869 1098 1935 1156; x_wconf 84' lang='lat' dir='ltr'><strong>in</strong></span> <span class='ocrx_word' id='word_1_82' title='bbox 1981 1096 2295 1157; x_wconf 78' lang='lat' dir='ltr'><strong>Pactolum</strong></span> <span class='ocrx_word' id='word_1_83' title='bbox 2339 1099 2448 1156; x_wconf 89' lang='lat' dir='ltr'><strong>flu·</strong></span> 
     </span>
     <span class='ocr_line' id='line_1_11' title="bbox 308 1186 2447 1263; baseline -0.001 -16"><span class='ocrx_word' id='word_1_84' title='bbox 308 1199 377 1247; x_wconf 91' lang='lat'><strong>10</strong></span> <span class='ocrx_word' id='word_1_85' title='bbox 414 1187 581 1243; x_wconf 89' lang='lat' dir='ltr'><strong>uium</strong></span> <span class='ocrx_word' id='word_1_86' title='bbox 641 1187 841 1262; x_wconf 91' lang='lat' dir='ltr'><strong>sicque</strong></span> <span class='ocrx_word' id='word_1_87' title='bbox 895 1187 1024 1260; x_wconf 91' lang='lat' dir='ltr'><strong>ipse</strong></span> <span class='ocrx_word' id='word_1_88' title='bbox 1070 1187 1348 1261; x_wconf 89' lang='lat' dir='ltr'><strong>priuatus</strong></span> <span class='ocrx_word' id='word_1_89' title='bbox 1395 1188 1486 1245; x_wconf 90' lang='lat' dir='ltr'><strong>est</strong></span> <span class='ocrx_word' id='word_1_90' title='bbox 1527 1204 1721 1263; x_wconf 88' lang='lat' dir='ltr'><strong>poena</strong></span> <span class='ocrx_word' id='word_1_91' title='bbox 1769 1189 1831 1244; x_wconf 94' lang='lat' dir='ltr'><strong>et</strong></span> <span class='ocrx_word' id='word_1_92' title='bbox 1874 1186 2158 1246; x_wconf 74' lang='lat' dir='ltr'><strong>Pactolus</strong></span> <span class='ocrx_word' id='word_1_93' title='bbox 2205 1206 2447 1246; x_wconf 87' lang='lat' dir='ltr'><strong>auream</strong></span> 
     </span>
     <span class='ocr_line' id='line_1_12' title="bbox 412 1266 1705 1356; baseline 0.001 -24"><span class='ocrx_word' id='word_1_94' title='bbox 412 1274 696 1333; x_wconf 83' lang='lat' dir='ltr'><strong>harenam</strong></span> <span class='ocrx_word' id='word_1_95' title='bbox 744 1275 932 1333; x_wconf 87' lang='lat' dir='ltr'><strong>traxit</strong></span> <span class='ocrx_word' id='word_1_96' title='bbox 979 1266 1084 1356; x_wconf 80' lang='lat' dir='ltr'><strong>(P&#39;</strong></span> <span class='ocrx_word' id='word_1_97' title='bbox 1097 1276 1179 1345; x_wconf 92' lang='lat' dir='ltr'><strong>V,·</strong></span> <span class='ocrx_word' id='word_1_98' title='bbox 1223 1297 1260 1332; x_wconf 91' lang='grc' dir='ltr'><em>ν</em></span> <span class='ocrx_word' id='word_1_99' title='bbox 1296 1275 1522 1333; x_wconf 79' lang='lat' dir='ltr'><strong>duobus</strong></span> <span class='ocrx_word' id='word_1_100' title='bbox 1567 1274 1705 1333; x_wconf 79' lang='lat' dir='ltr'><strong>locis</strong></span> 
     </span>
     <span class='ocr_line' id='line_1_13' title="bbox 590 1362 2447 1441; baseline 0 -20"><span class='ocrx_word' id='word_1_101' title='bbox 590 1362 833 1422; x_wconf 86' lang='lat' dir='ltr'><strong>Sensus:</strong></span> <span class='ocrx_word' id='word_1_102' title='bbox 898 1365 951 1423; x_wconf 91' lang='lat' dir='ltr'><strong>si</strong></span> <span class='ocrx_word' id='word_1_103' title='bbox 1004 1381 1146 1422; x_wconf 90' lang='lat' dir='ltr'><strong>uero</strong></span> <span class='ocrx_word' id='word_1_104' title='bbox 1203 1382 1276 1421; x_wconf 93' lang='lat' dir='ltr'><strong>ne</strong></span> <span class='ocrx_word' id='word_1_105' title='bbox 1329 1363 1424 1422; x_wconf 89' lang='lat' dir='ltr'><strong>his</strong></span> <span class='ocrx_word' id='word_1_106' title='bbox 1470 1364 1712 1440; x_wconf 89' lang='lat' dir='ltr'><strong>quidem</strong></span> <span class='ocrx_word' id='word_1_107' title='bbox 1758 1365 2080 1438; x_wconf 86' lang='lat' dir='ltr'><strong>fructibus,</strong></span> <span class='ocrx_word' id='word_1_108' title='bbox 2138 1383 2286 1441; x_wconf 88' lang='lat' dir='ltr'><strong>quos</strong></span> <span class='ocrx_word' id='word_1_109' title='bbox 2332 1364 2447 1424; x_wconf 90' lang='lat' dir='ltr'><strong>tibi</strong></span> 
     </span>
     <span class='ocr_line' id='line_1_14' title="bbox 410 1452 2445 1530; baseline 0.001 -20"><span class='ocrx_word' id='word_1_110' title='bbox 410 1453 595 1530; x_wconf 90' lang='lat' dir='ltr'><strong>agelli</strong></span> <span class='ocrx_word' id='word_1_111' title='bbox 648 1452 821 1527; x_wconf 88' lang='lat' dir='ltr'><strong>dant,</strong></span> <span class='ocrx_word' id='word_1_112' title='bbox 883 1471 1046 1530; x_wconf 87' lang='lat' dir='ltr'><strong>eges,</strong></span> <span class='ocrx_word' id='word_1_113' title='bbox 1110 1454 1172 1510; x_wconf 91' lang='lat' dir='ltr'><strong>et</strong></span> <span class='ocrx_word' id='word_1_114' title='bbox 1225 1454 1538 1511; x_wconf 88' lang='lat' dir='ltr'><strong>contentus</strong></span> <span class='ocrx_word' id='word_1_115' title='bbox 1594 1471 1655 1511; x_wconf 92' lang='lat' dir='ltr'><strong>es</strong></span> <span class='ocrx_word' id='word_1_116' title='bbox 1712 1453 1810 1511; x_wconf 92' lang='lat' dir='ltr'><strong>uel</strong></span> <span class='ocrx_word' id='word_1_117' title='bbox 1856 1452 2040 1512; x_wconf 88' lang='lat' dir='ltr'><strong>herba</strong></span> <span class='ocrx_word' id='word_1_118' title='bbox 2087 1455 2187 1512; x_wconf 89' lang='lat' dir='ltr'><strong>uel</strong></span> <span class='ocrx_word' id='word_1_119' title='bbox 2232 1455 2445 1526; x_wconf 89' lang='lat' dir='ltr'><strong>urtica,</strong></span> 
     </span>
     <span class='ocr_line' id='line_1_15' title="bbox 409 1540 2445 1619; baseline 0.001 -20"><span class='ocrx_word' id='word_1_120' title='bbox 409 1541 520 1601; x_wconf 91' lang='lat' dir='ltr'><strong>hoc</strong></span> <span class='ocrx_word' id='word_1_121' title='bbox 601 1544 717 1601; x_wconf 84' lang='lat' dir='ltr'><strong>est:</strong></span> <span class='ocrx_word' id='word_1_122' title='bbox 799 1543 853 1601; x_wconf 89' lang='lat' dir='ltr'><strong>si</strong></span> <span class='ocrx_word' id='word_1_123' title='bbox 932 1560 1039 1617; x_wconf 89' lang='lat' dir='ltr'><strong>per</strong></span> <span class='ocrx_word' id='word_1_124' title='bbox 1117 1541 1271 1599; x_wconf 87' lang='lat' dir='ltr'><strong>hanc</strong></span> <span class='ocrx_word' id='word_1_125' title='bbox 1347 1540 1772 1601; x_wconf 74' lang='lat' dir='ltr'><strong>abstinentiam</strong></span> <span class='ocrx_word' id='word_1_126' title='bbox 1847 1541 2089 1601; x_wconf 86' lang='lat' dir='ltr'><strong>Stoicen</strong></span> <span class='ocrx_word' id='word_1_127' title='bbox 2163 1545 2445 1619; x_wconf 78' lang='lat' dir='ltr'><strong>sequeriS,</strong></span> 
     </span>
     <span class='ocr_line' id='line_1_16' title="bbox 308 1630 2441 1709; baseline 0 -19"><span class='ocrx_word' id='word_1_128' title='bbox 308 1643 374 1691; x_wconf 85' lang='lat'><strong>15</strong></span> <span class='ocrx_word' id='word_1_129' title='bbox 409 1648 690 1709; x_wconf 81' lang='lat' dir='ltr'><strong>magnas,</strong></span> <span class='ocrx_word' id='word_1_130' title='bbox 736 1631 954 1705; x_wconf 89' lang='lat' dir='ltr'><strong>inquit,</strong></span> <span class='ocrx_word' id='word_1_131' title='bbox 1000 1630 1248 1689; x_wconf 88' lang='lat' dir='ltr'><strong>diuitias</strong></span> <span class='ocrx_word' id='word_1_132' title='bbox 1296 1650 1368 1688; x_wconf 87' lang='lat' dir='ltr'><strong>ex</strong></span> <span class='ocrx_word' id='word_1_133' title='bbox 1410 1631 1524 1689; x_wconf 89' lang='lat' dir='ltr'><strong>hac</strong></span> <span class='ocrx_word' id='word_1_134' title='bbox 1568 1632 1700 1689; x_wconf 89' lang='lat' dir='ltr'><strong>uita</strong></span> <span class='ocrx_word' id='word_1_135' title='bbox 1747 1633 2141 1707; x_wconf 81' lang='lat' dir='ltr'><strong>consequeris,</strong></span> <span class='ocrx_word' id='word_1_136' title='bbox 2232 1632 2441 1691; x_wconf 84' lang='lat' dir='ltr'><strong>Abste-</strong></span> 
     </span>
     <span class='ocr_line' id='line_1_17' title="bbox 409 1720 2445 1796; baseline 0.001 -18"><span class='ocrx_word' id='word_1_137' title='bbox 409 1722 566 1778; x_wconf 89' lang='lat' dir='ltr'><strong>mius</strong></span> <span class='ocrx_word' id='word_1_138' title='bbox 614 1722 814 1778; x_wconf 87' lang='lat' dir='ltr'><strong>autem</strong></span> <span class='ocrx_word' id='word_1_139' title='bbox 861 1720 1258 1795; x_wconf 87' lang='lat' dir='ltr'><strong>compositum</strong></span> <span class='ocrx_word' id='word_1_140' title='bbox 1304 1720 1396 1778; x_wconf 90' lang='lat' dir='ltr'><strong>est</strong></span> <span class='ocrx_word' id='word_1_141' title='bbox 1432 1739 1501 1778; x_wconf 87' lang='lat' dir='ltr'><strong>ex</strong></span> <span class='ocrx_word' id='word_1_142' title='bbox 1538 1738 1625 1794; x_wconf 87' lang='lat' dir='ltr'><strong>eo,</strong></span> <span class='ocrx_word' id='word_1_143' title='bbox 1672 1721 1832 1796; x_wconf 91' lang='lat' dir='ltr'><strong>quod</strong></span> <span class='ocrx_word' id='word_1_144' title='bbox 1869 1720 2171 1780; x_wconf 87' lang='lat' dir='ltr'><strong>abstineat</strong></span> <span class='ocrx_word' id='word_1_145' title='bbox 2205 1723 2445 1793; x_wconf 90' lang='lat' dir='ltr'><strong>temet0‚</strong></span> 
     </span>
     <span class='ocr_line' id='line_1_18' title="bbox 409 1808 2443 1885; baseline 0.001 -19"><span class='ocrx_word' id='word_1_146' title='bbox 409 1809 565 1868; x_wconf 89' lang='lat' dir='ltr'><strong>idest</strong></span> <span class='ocrx_word' id='word_1_147' title='bbox 600 1810 759 1867; x_wconf 92' lang='lat' dir='ltr'><strong>uin0.</strong></span> <span class='ocrx_word' id='word_1_148' title='bbox 832 1808 992 1868; x_wconf 89' lang='lat' dir='ltr'><strong>Nam</strong></span> <span class='ocrx_word' id='word_1_149' title='bbox 1027 1809 1118 1866; x_wconf 91' lang='lat' dir='ltr'><strong>hii</strong></span> <span class='ocrx_word' id='word_1_150' title='bbox 1155 1808 1433 1868; x_wconf 78' lang='lat' dir='ltr'><strong>abstemii</strong></span> <span class='ocrx_word' id='word_1_151' title='bbox 1469 1809 1773 1885; x_wconf 82' lang='lat' dir='ltr'><strong>dicuntur3</strong></span> <span class='ocrx_word' id='word_1_152' title='bbox 1811 1809 1915 1869; x_wconf 89' lang='lat' dir='ltr'><strong>sed</strong></span> <span class='ocrx_word' id='word_1_153' title='bbox 1950 1810 2051 1869; x_wconf 90' lang='lat' dir='ltr'><strong>hic</strong></span> <span class='ocrx_word' id='word_1_154' title='bbox 2089 1809 2443 1869; x_wconf 88' lang='lat' dir='ltr'><strong>abstemium</strong></span> 
     </span>
     <span class='ocr_line' id='line_1_19' title="bbox 411 1897 2443 1978; baseline -0 -21"><span class='ocrx_word' id='word_1_155' title='bbox 411 1897 701 1972; x_wconf 88' lang='lat' dir='ltr'><strong>sobrium,</strong></span> <span class='ocrx_word' id='word_1_156' title='bbox 756 1898 1155 1956; x_wconf 88' lang='lat' dir='ltr'><strong>abstinentem</strong></span> <span class='ocrx_word' id='word_1_157' title='bbox 1211 1899 1271 1956; x_wconf 91' lang='lat' dir='ltr'><strong>et</strong></span> <span class='ocrx_word' id='word_1_158' title='bbox 1315 1899 1381 1956; x_wconf 91' lang='lat' dir='ltr'><strong>in</strong></span> <span class='ocrx_word' id='word_1_159' title='bbox 1426 1897 1700 1957; x_wconf 89' lang='lat' dir='ltr'><strong>omnibus</strong></span> <span class='ocrx_word' id='word_1_160' title='bbox 1748 1901 2097 1958; x_wconf 89' lang='lat' dir='ltr'><strong>contentum</strong></span> <span class='ocrx_word' id='word_1_161' title='bbox 2143 1899 2443 1978; x_wconf 87' lang='lat' dir='ltr'><strong>significat</strong></span> 
     </span>
     <span class='ocr_line' id='line_1_20' title="bbox 303 1978 2442 2156; baseline -0 -20"><span class='ocrx_word' id='word_1_162' title='bbox 303 2089 374 2140; x_wconf 81' lang='lat'><strong>20</strong></span> <span class='ocrx_word' id='word_1_163' title='bbox 413 1978 441 2070; x_wconf 74' lang='lat'><strong>(</strong></span> <span class='ocrx_word' id='word_1_164' title='bbox 592 2070 659 2137; x_wconf 89' lang='lat'><strong>8.</strong></span> <span class='ocrx_word' id='word_1_165' title='bbox 713 2074 1041 2136; x_wconf 88' lang='lat' dir='ltr'><strong>Confestim</strong></span> <span class='ocrx_word' id='word_1_166' title='bbox 1086 2079 1146 2135; x_wconf 92' lang='lat' dir='ltr'><strong>et</strong></span> <span class='ocrx_word' id='word_1_167' title='bbox 1191 2078 1465 2151; x_wconf 88' lang='lat' dir='ltr'><strong>protinus</strong></span> <span class='ocrx_word' id='word_1_168' title='bbox 1509 2078 1709 2135; x_wconf 87' lang='lat' dir='ltr'><strong>iunxit</strong></span> <span class='ocrx_word' id='word_1_169' title='bbox 1753 2077 2071 2155; x_wconf 85' lang='lat' dir='ltr'><strong>indulgens</strong></span> <span class='ocrx_word' id='word_1_170' title='bbox 2117 2073 2442 2156; x_wconf 76' lang='grc' dir='ltr'><em>ἕνφάσ&lt;ε&gt;ι</em></span> 
     </span>
     <span class='ocr_line' id='line_1_21' title="bbox 413 2156 1865 2246; baseline 0.001 -22"><span class='ocrx_word' id='word_1_171' title='bbox 413 2166 739 2236; x_wconf 77' lang='lat' dir='ltr'><strong>celeritatis</strong></span> <span class='ocrx_word' id='word_1_172' title='bbox 786 2156 890 2246; x_wconf 80' lang='grc' dir='ltr'><strong>(Γ</strong></span> <span class='ocrx_word' id='word_1_173' title='bbox 903 2166 984 2237; x_wconf 82' lang='lat' dir='ltr'><strong>bf</strong></span> <span class='ocrx_word' id='word_1_174' title='bbox 982 2166 1050 2224; x_wconf 89' lang='lat' dir='ltr'><em>E</em></span> <span class='ocrx_word' id='word_1_175' title='bbox 1066 2166 1123 2225; x_wconf 88' lang='lat' dir='ltr'><strong><em>V</em></strong></span> <span class='ocrx_word' id='word_1_176' title='bbox 1860 2201 1865 2202; x_wconf 27' lang='lat' dir='ltr'><em>ff</em></span> 
     </span>
     <span class='ocr_line' id='line_1_22' title="bbox 595 2246 2440 2331; baseline 0 -19"><span class='ocrx_word' id='word_1_177' title='bbox 595 2246 708 2315; x_wconf 76' lang='lat'><strong>12.</strong></span> <span class='ocrx_word' id='word_1_178' title='bbox 782 2254 1160 2313; x_wconf 90' lang='lat' dir='ltr'><strong>Democritus</strong></span> <span class='ocrx_word' id='word_1_179' title='bbox 1205 2254 1626 2331; x_wconf 76' lang='lat' dir='ltr'><strong>philosophu8‚</strong></span> <span class='ocrx_word' id='word_1_180' title='bbox 1672 2255 1984 2314; x_wconf 89' lang='lat' dir='ltr'><strong>hortorum</strong></span> <span class='ocrx_word' id='word_1_181' title='bbox 2031 2258 2297 2329; x_wconf 86' lang='lat' dir='ltr'><strong>amator,</strong></span> <span class='ocrx_word' id='word_1_182' title='bbox 2342 2256 2440 2330; x_wconf 92' lang='lat' dir='ltr'><strong>qui</strong></span> 
     </span>
     <span class='ocr_line' id='line_1_23' title="bbox 412 2342 2437 2420; baseline 0 -19"><span class='ocrx_word' id='word_1_183' title='bbox 412 2342 555 2401; x_wconf 92' lang='lat' dir='ltr'><strong>dum</strong></span> <span class='ocrx_word' id='word_1_184' title='bbox 616 2343 1032 2420; x_wconf 90' lang='lat' dir='ltr'><strong>philosophiae</strong></span> <span class='ocrx_word' id='word_1_185' title='bbox 1094 2345 1362 2402; x_wconf 89' lang='lat' dir='ltr'><strong>intentus</strong></span> <span class='ocrx_word' id='word_1_186' title='bbox 1429 2347 1544 2417; x_wconf 87' lang='lat' dir='ltr'><strong>est,</strong></span> <span class='ocrx_word' id='word_1_187' title='bbox 1608 2344 1812 2403; x_wconf 88' lang='lat' dir='ltr'><strong>hortos</strong></span> <span class='ocrx_word' id='word_1_188' title='bbox 1878 2346 2005 2403; x_wconf 90' lang='lat' dir='ltr'><strong>eius</strong></span> <span class='ocrx_word' id='word_1_189' title='bbox 2068 2362 2250 2420; x_wconf 91' lang='lat' dir='ltr'><strong>pecus</strong></span> <span class='ocrx_word' id='word_1_190' title='bbox 2313 2346 2437 2420; x_wconf 91' lang='lat' dir='ltr'><strong>ipso</strong></span> 
     </span>
    </p>
   </div>
   <div class='ocr_carea' id='block_1_3' title="bbox 301 2423 2439 2598">
    <p class='ocr_par' dir='ltr' id='par_1_3' title="bbox 301 2423 2439 2598">
     <span class='ocr_line' id='line_1_24' title="bbox 412 2423 1448 2513; baseline -0.001 -23"><span class='ocrx_word' id='word_1_191' title='bbox 412 2434 722 2508; x_wconf 88' lang='lat' dir='ltr'><strong>praesente</strong></span> <span class='ocrx_word' id='word_1_192' title='bbox 769 2434 1135 2508; x_wconf 89' lang='lat' dir='ltr'><strong>consumpsit</strong></span> <span class='ocrx_word' id='word_1_193' title='bbox 1180 2423 1286 2513; x_wconf 68' lang='grc' dir='ltr'><strong>(Γ</strong></span> <span class='ocrx_word' id='word_1_194' title='bbox 1297 2433 1382 2504; x_wconf 82' lang='lat' dir='ltr'><strong>bf</strong></span> <span class='ocrx_word' id='word_1_195' title='bbox 1393 2434 1448 2490; x_wconf 91' lang='lat' dir='ltr'><strong><em>V</em></strong></span> 
     </span>
     <span class='ocr_line' id='line_1_25' title="bbox 301 2518 2439 2598; baseline -0.002 -15"><span class='ocrx_word' id='word_1_196' title='bbox 301 2532 374 2584; x_wconf 66' lang='lat'><strong>25</strong></span> <span class='ocrx_word' id='word_1_197' title='bbox 591 2518 1013 2581; x_wconf 84' lang='lat' dir='ltr'><strong>*Democritus</strong></span> <span class='ocrx_word' id='word_1_198' title='bbox 1059 2521 1379 2581; x_wconf 89' lang='lat' dir='ltr'><strong>Abderites</strong></span> <span class='ocrx_word' id='word_1_199' title='bbox 1426 2522 1546 2580; x_wconf 87' lang='lat' dir='ltr'><strong>fuit</strong></span> <span class='ocrx_word' id='word_1_200' title='bbox 1590 2523 1870 2580; x_wconf 89' lang='lat' dir='ltr'><strong>inuentor</strong></span> <span class='ocrx_word' id='word_1_201' title='bbox 1917 2524 2285 2598; x_wconf 89' lang='lat' dir='ltr'><strong>atomorum,</strong></span> <span class='ocrx_word' id='word_1_202' title='bbox 2329 2539 2439 2597; x_wconf 88' lang='lat' dir='ltr'><strong>qua</strong></span> 
     </span>
    </p>
   </div>
   <div class='ocr_carea' id='block_1_4' title="bbox 409 2739 2436 3665">
    <p class='ocr_par' dir='ltr' id='par_1_4' title="bbox 411 2739 2436 3100">
     <span class='ocr_line' id='line_1_26' title="bbox 594 2739 2435 2816; baseline 0.002 -20"><span class='ocrx_word' id='word_1_203' title='bbox 594 2749 622 2796; x_wconf 94' lang='lat'>1</span> <span class='ocrx_word' id='word_1_204' title='bbox 663 2744 738 2815; x_wconf 92' lang='lat' dir='ltr'><strong>ei]</strong></span> <span class='ocrx_word' id='word_1_205' title='bbox 777 2761 878 2799; x_wconf 87' lang='lat' dir='ltr'><strong>om.</strong></span> <span class='ocrx_word' id='word_1_206' title='bbox 909 2765 942 2797; x_wconf 78' lang='grc' dir='ltr'><strong><em>ν</em></strong></span> <span class='ocrx_word' id='word_1_207' title='bbox 980 2744 1075 2799; x_wconf 83' lang='lat' dir='ltr'><strong>alt.</strong></span> <span class='ocrx_word' id='word_1_208' title='bbox 1106 2744 1209 2799; x_wconf 90' lang='lat' dir='ltr'><strong>l.V</strong></span> <span class='ocrx_word' id='word_1_209' title='bbox 1345 2750 1376 2797; x_wconf 80' lang='lat'>2</span> <span class='ocrx_word' id='word_1_210' title='bbox 1416 2743 1679 2798; x_wconf 89' lang='lat' dir='ltr'><strong>carnibus</strong></span> <span class='ocrx_word' id='word_1_211' title='bbox 1705 2745 1758 2816; x_wconf 78' lang='lat' dir='ltr'><strong>r]</strong></span> <span class='ocrx_word' id='word_1_212' title='bbox 1799 2739 2146 2800; x_wconf 80' lang='lat' dir='ltr'><strong>carminibus</strong></span> <span class='ocrx_word' id='word_1_213' title='bbox 2177 2765 2255 2814; x_wconf 77' lang='lat' dir='ltr'><strong>yv</strong></span> <span class='ocrx_word' id='word_1_214' title='bbox 2289 2751 2435 2799; x_wconf 72' lang='lat' dir='ltr'><strong>utm-</strong></span> 
     </span>
     <span class='ocr_line' id='line_1_27' title="bbox 413 2814 2435 2886; baseline 0 -18"><span class='ocrx_word' id='word_1_215' title='bbox 413 2814 572 2883; x_wconf 76' lang='lat' dir='ltr'><strong>biqwe</strong></span> <span class='ocrx_word' id='word_1_216' title='bbox 610 2816 664 2869; x_wconf 94' lang='lat' dir='ltr'><strong><em>V</em></strong></span> <span class='ocrx_word' id='word_1_217' title='bbox 869 2818 931 2869; x_wconf 92' lang='lat' dir='ltr'><strong>at</strong></span> <span class='ocrx_word' id='word_1_218' title='bbox 977 2816 1037 2868; x_wconf 88' lang='lat' dir='ltr'><strong>in</strong></span> <span class='ocrx_word' id='word_1_219' title='bbox 1074 2817 1289 2870; x_wconf 87' lang='lat' dir='ltr'><strong>secreto</strong></span> <span class='ocrx_word' id='word_1_220' title='bbox 1326 2815 1497 2885; x_wconf 83' lang='lat' dir='ltr'><strong>gulae</strong></span> <span class='ocrx_word' id='word_1_221' title='bbox 1533 2816 1688 2886; x_wconf 91' lang='lat' dir='ltr'><strong>(gide</strong></span> <span class='ocrx_word' id='word_1_222' title='bbox 1725 2837 1759 2871; x_wconf 85' lang='grc' dir='ltr'><strong><em>ν</em></strong></span> <span class='ocrx_word' id='word_1_223' title='bbox 1786 2818 1882 2872; x_wconf 81' lang='lat' dir='ltr'><strong>alt.</strong></span> <span class='ocrx_word' id='word_1_224' title='bbox 1914 2817 1970 2884; x_wconf 86' lang='grc' dir='ltr'><strong>Ζ.)</strong></span> <span class='ocrx_word' id='word_1_225' title='bbox 2008 2816 2333 2886; x_wconf 85' lang='lat' dir='ltr'><strong>indulgeret</strong></span> <span class='ocrx_word' id='word_1_226' title='bbox 2366 2835 2435 2884; x_wconf 74' lang='grc' dir='ltr'><strong>γν</strong></span> 
     </span>
     <span class='ocr_line' id='line_1_28' title="bbox 414 2886 2436 2957; baseline -0 -17"><span class='ocrx_word' id='word_1_227' title='bbox 414 2887 509 2940; x_wconf 82' lang='lat' dir='ltr'><strong>alt.</strong></span> <span class='ocrx_word' id='word_1_228' title='bbox 540 2887 572 2940; x_wconf 84' lang='lat'><strong>1.</strong></span> <span class='ocrx_word' id='word_1_229' title='bbox 621 2886 681 2939; x_wconf 90' lang='lat' dir='ltr'><strong>in</strong></span> <span class='ocrx_word' id='word_1_230' title='bbox 732 2889 946 2941; x_wconf 89' lang='lat' dir='ltr'><strong>secreto</strong></span> <span class='ocrx_word' id='word_1_231' title='bbox 994 2887 1183 2940; x_wconf 87' lang='lat' dir='ltr'><strong>autem</strong></span> <span class='ocrx_word' id='word_1_232' title='bbox 1229 2886 1363 2956; x_wconf 89' lang='lat' dir='ltr'><strong>gule</strong></span> <span class='ocrx_word' id='word_1_233' title='bbox 1399 2887 1722 2957; x_wconf 89' lang='lat' dir='ltr'><strong>indulgeret</strong></span> <span class='ocrx_word' id='word_1_234' title='bbox 1759 2890 1813 2944; x_wconf 96' lang='lat' dir='ltr'><strong><em>V</em></strong></span> <span class='ocrx_word' id='word_1_235' title='bbox 1840 2890 1902 2941; x_wconf 86' lang='lat' dir='ltr'><strong>at</strong></span> <span class='ocrx_word' id='word_1_236' title='bbox 1937 2887 1998 2940; x_wconf 91' lang='lat' dir='ltr'><strong>in</strong></span> <span class='ocrx_word' id='word_1_237' title='bbox 2035 2891 2314 2942; x_wconf 88' lang='lat' dir='ltr'><strong>secretum</strong></span> <span class='ocrx_word' id='word_1_238' title='bbox 2349 2902 2436 2940; x_wconf 91' lang='lat' dir='ltr'><strong>ue-</strong></span> 
     </span>
     <span class='ocr_line' id='line_1_29' title="bbox 412 2956 2436 3029; baseline 0 -19"><span class='ocrx_word' id='word_1_239' title='bbox 412 2957 571 3011; x_wconf 85' lang='lat' dir='ltr'><strong>niens</strong></span> <span class='ocrx_word' id='word_1_240' title='bbox 617 2956 785 3027; x_wconf 86' lang='lat' dir='ltr'><strong>gulae</strong></span> <span class='ocrx_word' id='word_1_241' title='bbox 830 2957 1166 3027; x_wconf 84' lang='lat' dir='ltr'><strong>indulgebat</strong></span> <span class='ocrx_word' id='word_1_242' title='bbox 1201 2978 1235 3012; x_wconf 77' lang='lat' dir='ltr'><em>v</em></span> <span class='ocrx_word' id='word_1_243' title='bbox 1273 2959 1369 3012; x_wconf 81' lang='lat' dir='ltr'><strong>alt.</strong></span> <span class='ocrx_word' id='word_1_244' title='bbox 1400 2958 1434 3011; x_wconf 88' lang='lat' dir='ltr'><strong>l.</strong></span> <span class='ocrx_word' id='word_1_245' title='bbox 1483 2959 1545 3012; x_wconf 91' lang='lat' dir='ltr'><strong>at</strong></span> <span class='ocrx_word' id='word_1_246' title='bbox 1588 2959 1649 3011; x_wconf 87' lang='lat' dir='ltr'><strong>in</strong></span> <span class='ocrx_word' id='word_1_247' title='bbox 1695 2961 1972 3013; x_wconf 86' lang='lat' dir='ltr'><strong>secretum</strong></span> <span class='ocrx_word' id='word_1_248' title='bbox 2007 2959 2243 3013; x_wconf 85' lang='lat' dir='ltr'><strong>ueniens</strong></span> <span class='ocrx_word' id='word_1_249' title='bbox 2278 2958 2436 3029; x_wconf 86' lang='lat' dir='ltr'><strong>gulae</strong></span> 
     </span>
     <span class='ocr_line' id='line_1_30' title="bbox 411 3028 2368 3100; baseline 0.001 -18"><span class='ocrx_word' id='word_1_250' title='bbox 411 3028 656 3083; x_wconf 85' lang='lat' dir='ltr'><strong>uacabat</strong></span> <span class='ocrx_word' id='word_1_251' title='bbox 682 3046 714 3083; x_wconf 84' lang='lat' dir='ltr'><strong>r</strong></span> <span class='ocrx_word' id='word_1_252' title='bbox 856 3034 888 3081; x_wconf 83' lang='lat'><strong>3</strong></span> <span class='ocrx_word' id='word_1_253' title='bbox 918 3029 1195 3083; x_wconf 90' lang='lat' dir='ltr'><strong>sociorum</strong></span> <span class='ocrx_word' id='word_1_254' title='bbox 1222 3032 1315 3083; x_wconf 80' lang='grc' dir='ltr'><strong>Γν</strong></span> <span class='ocrx_word' id='word_1_255' title='bbox 1344 3030 1438 3084; x_wconf 81' lang='lat' dir='ltr'><strong>alt.</strong></span> <span class='ocrx_word' id='word_1_256' title='bbox 1452 3031 1486 3083; x_wconf 83' lang='lat' dir='ltr'><strong>l.</strong></span> <span class='ocrx_word' id='word_1_257' title='bbox 1502 3030 1579 3100; x_wconf 94' lang='lat' dir='ltr'><strong>V]</strong></span> <span class='ocrx_word' id='word_1_258' title='bbox 1609 3031 1889 3084; x_wconf 90' lang='lat' dir='ltr'><strong>sociorum</strong></span> <span class='ocrx_word' id='word_1_259' title='bbox 1916 3030 2140 3099; x_wconf 89' lang='lat' dir='ltr'><strong>positus</strong></span> <span class='ocrx_word' id='word_1_260' title='bbox 2169 3051 2202 3083; x_wconf 78' lang='grc' dir='ltr'><strong><em>ν</em></strong></span> <span class='ocrx_word' id='word_1_261' title='bbox 2231 3031 2368 3084; x_wconf 67' lang='lat' dir='ltr'><strong>am.</strong></span> 
     </span>
    </p>

    <p class='ocr_par' dir='ltr' id='par_1_5' title="bbox 409 3100 2435 3665">
     <span class='ocr_line' id='line_1_31' title="bbox 411 3100 2410 3183; baseline 0 -31"><span class='ocrx_word' id='word_1_262' title='bbox 411 3105 446 3152; x_wconf 84' lang='lat'>4</span> <span class='ocrx_word' id='word_1_263' title='bbox 482 3102 542 3154; x_wconf 90' lang='lat' dir='ltr'><strong>te</strong></span> <span class='ocrx_word' id='word_1_264' title='bbox 579 3100 775 3153; x_wconf 89' lang='lat' dir='ltr'><strong>statim</strong></span> <span class='ocrx_word' id='word_1_265' title='bbox 802 3103 896 3154; x_wconf 82' lang='grc' dir='ltr'><strong>Γν</strong></span> <span class='ocrx_word' id='word_1_266' title='bbox 923 3101 1018 3155; x_wconf 80' lang='lat' dir='ltr'><strong>alt.</strong></span> <span class='ocrx_word' id='word_1_267' title='bbox 1049 3100 1082 3154; x_wconf 86' lang='lat' dir='ltr'><strong>l.</strong></span> <span class='ocrx_word' id='word_1_268' title='bbox 1098 3100 1175 3183; x_wconf 87' lang='lat' dir='ltr'><strong>V]</strong></span> <span class='ocrx_word' id='word_1_269' title='bbox 1205 3100 1503 3154; x_wconf 88' lang='lat' dir='ltr'><strong>confestim</strong></span> <span class='ocrx_word' id='word_1_270' title='bbox 1531 3121 1564 3155; x_wconf 81' lang='grc' dir='ltr'><strong><em>ν</em></strong></span> <span class='ocrx_word' id='word_1_271' title='bbox 1593 3103 1687 3155; x_wconf 80' lang='lat' dir='ltr'><strong>alt.</strong></span> <span class='ocrx_word' id='word_1_272' title='bbox 1719 3103 1752 3156; x_wconf 78' lang='grc' dir='ltr'><strong>Ζ.</strong></span> <span class='ocrx_word' id='word_1_273' title='bbox 1900 3107 1932 3154; x_wconf 87' lang='grc'><strong>6</strong></span> <span class='ocrx_word' id='word_1_274' title='bbox 1970 3103 2170 3171; x_wconf 87' lang='lat' dir='ltr'><strong>petens</strong></span> <span class='ocrx_word' id='word_1_275' title='bbox 2199 3122 2234 3155; x_wconf 80' lang='grc' dir='ltr'><strong><em>ν</em></strong></span> <span class='ocrx_word' id='word_1_276' title='bbox 2261 3103 2351 3156; x_wconf 79' lang='lat' dir='ltr'><strong>alt.</strong></span> <span class='ocrx_word' id='word_1_277' title='bbox 2380 3101 2410 3152; x_wconf 80' lang='lat'><strong>1.</strong></span> 
     </span>
     <span class='ocr_line' id='line_1_32' title="bbox 410 3172 2408 3242; baseline 0 -17"><span class='ocrx_word' id='word_1_278' title='bbox 410 3172 589 3241; x_wconf 89' lang='lat' dir='ltr'><strong>peciit</strong></span> <span class='ocrx_word' id='word_1_279' title='bbox 627 3173 680 3227; x_wconf 93' lang='lat' dir='ltr'><strong><em>V</em></strong></span> <span class='ocrx_word' id='word_1_280' title='bbox 707 3173 926 3241; x_wconf 79' lang='lat' dir='ltr'><strong>petiens</strong></span> <span class='ocrx_word' id='word_1_281' title='bbox 965 3174 1019 3225; x_wconf 92' lang='grc' dir='ltr'>Γ</span> <span class='ocrx_word' id='word_1_282' title='bbox 1046 3173 1266 3241; x_wconf 78' lang='lat' dir='ltr'><strong>petmus</strong></span> <span class='ocrx_word' id='word_1_283' title='bbox 1305 3192 1339 3225; x_wconf 81' lang='grc' dir='ltr'><strong><em>ν</em></strong></span> <span class='ocrx_word' id='word_1_284' title='bbox 1367 3173 1462 3226; x_wconf 79' lang='lat' dir='ltr'><strong>alt.</strong></span> <span class='ocrx_word' id='word_1_285' title='bbox 1493 3173 1528 3225; x_wconf 83' lang='lat' dir='ltr'><strong>l.</strong></span> <span class='ocrx_word' id='word_1_286' title='bbox 1677 3178 1710 3226; x_wconf 90' lang='lat'>8</span> <span class='ocrx_word' id='word_1_287' title='bbox 1746 3174 2065 3227; x_wconf 87' lang='lat' dir='ltr'><strong>uerteretur</strong></span> <span class='ocrx_word' id='word_1_288' title='bbox 2100 3193 2180 3242; x_wconf 75' lang='grc' dir='ltr'><strong>γν</strong></span> <span class='ocrx_word' id='word_1_289' title='bbox 2207 3174 2302 3228; x_wconf 83' lang='lat' dir='ltr'><strong>alt.</strong></span> <span class='ocrx_word' id='word_1_290' title='bbox 2315 3173 2348 3226; x_wconf 82' lang='lat'><strong>1.</strong></span> <span class='ocrx_word' id='word_1_291' title='bbox 2401 3209 2408 3214; x_wconf 85' lang='lat'>-</span> 
     </span>
     <span class='ocr_line' id='line_1_33' title="bbox 410 3243 2434 3327; baseline 0 -31"><span class='ocrx_word' id='word_1_292' title='bbox 410 3244 724 3297; x_wconf 83' lang='lat' dir='ltr'><strong>mutaretur</strong></span> <span class='ocrx_word' id='word_1_293' title='bbox 757 3262 831 3297; x_wconf 77' lang='lat' dir='ltr'><strong>rv</strong></span> <span class='ocrx_word' id='word_1_294' title='bbox 1048 3248 1114 3296; x_wconf 91' lang='lat'><strong>10</strong></span> <span class='ocrx_word' id='word_1_295' title='bbox 1161 3258 1390 3296; x_wconf 86' lang='lat' dir='ltr'><strong>auream</strong></span> <span class='ocrx_word' id='word_1_296' title='bbox 1434 3243 1705 3298; x_wconf 88' lang='lat' dir='ltr'><strong>harenam</strong></span> <span class='ocrx_word' id='word_1_297' title='bbox 1741 3245 1795 3327; x_wconf 83' lang='lat' dir='ltr'><strong>r]</strong></span> <span class='ocrx_word' id='word_1_298' title='bbox 1832 3244 2104 3298; x_wconf 84' lang='lat' dir='ltr'><strong>harenam</strong></span> <span class='ocrx_word' id='word_1_299' title='bbox 2147 3260 2371 3298; x_wconf 88' lang='lat' dir='ltr'><strong>auream</strong></span> <span class='ocrx_word' id='word_1_300' title='bbox 2404 3262 2434 3311; x_wconf 78' lang='grc' dir='ltr'><em>γ</em></span> 
     </span>
     <span class='ocr_line' id='line_1_34' title="bbox 410 3313 2435 3387; baseline -0.001 -19"><span class='ocrx_word' id='word_1_301' title='bbox 410 3330 642 3368; x_wconf 86' lang='lat' dir='ltr'><strong>auream</strong></span> <span class='ocrx_word' id='word_1_302' title='bbox 678 3330 907 3368; x_wconf 87' lang='lat' dir='ltr'><strong>arenam</strong></span> <span class='ocrx_word' id='word_1_303' title='bbox 929 3315 982 3368; x_wconf 94' lang='lat' dir='ltr'><strong><em>V</em></strong></span> <span class='ocrx_word' id='word_1_304' title='bbox 1010 3329 1239 3367; x_wconf 87' lang='lat' dir='ltr'><strong>arenam</strong></span> <span class='ocrx_word' id='word_1_305' title='bbox 1275 3329 1504 3367; x_wconf 86' lang='lat' dir='ltr'><strong>auream</strong></span> <span class='ocrx_word' id='word_1_306' title='bbox 1539 3334 1575 3368; x_wconf 82' lang='grc' dir='ltr'><strong><em>ν</em></strong></span> <span class='ocrx_word' id='word_1_307' title='bbox 1602 3316 1897 3384; x_wconf 62' lang='lat' dir='ltr'><strong>atr-ubsque</strong></span> <span class='ocrx_word' id='word_1_308' title='bbox 2042 3321 2109 3369; x_wconf 83' lang='lat'><strong>16</strong></span> <span class='ocrx_word' id='word_1_309' title='bbox 2148 3316 2241 3387; x_wconf 87' lang='lat' dir='ltr'><strong>ex]</strong></span> <span class='ocrx_word' id='word_1_310' title='bbox 2280 3315 2349 3369; x_wconf 91' lang='lat' dir='ltr'><strong>ab</strong></span> <span class='ocrx_word' id='word_1_311' title='bbox 2377 3313 2435 3379; x_wconf 87' lang='lat' dir='ltr'><strong>V,</strong></span> 
     </span>
     <span class='ocr_line' id='line_1_35' title="bbox 411 3384 2379 3456; baseline 0.001 -16"><span class='ocrx_word' id='word_1_312' title='bbox 411 3386 442 3440; x_wconf 82' lang='lat' dir='ltr'><strong><em>b</em></strong></span> <span class='ocrx_word' id='word_1_313' title='bbox 471 3386 612 3440; x_wconf 82' lang='lat' dir='ltr'><strong>absc.</strong></span> <span class='ocrx_word' id='word_1_314' title='bbox 759 3390 824 3438; x_wconf 78' lang='lat'><strong>17</strong></span> <span class='ocrx_word' id='word_1_315' title='bbox 863 3385 1023 3456; x_wconf 91' lang='lat' dir='ltr'><strong>uino]</strong></span> <span class='ocrx_word' id='word_1_316' title='bbox 1062 3384 1231 3438; x_wconf 90' lang='lat' dir='ltr'><strong>auino</strong></span> <span class='ocrx_word' id='word_1_317' title='bbox 1269 3385 1324 3439; x_wconf 98' lang='lat' dir='ltr'><strong><em>V</em></strong></span> <span class='ocrx_word' id='word_1_318' title='bbox 1350 3384 1547 3438; x_wconf 88' lang='lat' dir='ltr'><strong>uinum</strong></span> <span class='ocrx_word' id='word_1_319' title='bbox 1585 3385 1618 3438; x_wconf 88' lang='lat' dir='ltr'><strong>b</strong></span> <span class='ocrx_word' id='word_1_320' title='bbox 1758 3386 1845 3440; x_wconf 89' lang='lat' dir='ltr'><strong>hii</strong></span> <span class='ocrx_word' id='word_1_321' title='bbox 1881 3387 2048 3455; x_wconf 74' lang='lat' dir='ltr'><strong>yvbf</strong></span> <span class='ocrx_word' id='word_1_322' title='bbox 2110 3386 2175 3440; x_wconf 90' lang='lat' dir='ltr'><strong>hi</strong></span> <span class='ocrx_word' id='word_1_323' title='bbox 2210 3386 2379 3441; x_wconf 80' lang='lat' dir='ltr'><strong>rEV</strong></span> 
     </span>
     <span class='ocr_line' id='line_1_36' title="bbox 409 3455 2435 3528; baseline -0 -18"><span class='ocrx_word' id='word_1_324' title='bbox 409 3456 528 3527; x_wconf 90' lang='lat' dir='ltr'><strong>hic]</strong></span> <span class='ocrx_word' id='word_1_325' title='bbox 567 3458 738 3512; x_wconf 87' lang='lat' dir='ltr'><strong>om.V</strong></span> <span class='ocrx_word' id='word_1_326' title='bbox 872 3461 941 3510; x_wconf 83' lang='lat'><strong>23</strong></span> <span class='ocrx_word' id='word_1_327' title='bbox 979 3456 1067 3510; x_wconf 89' lang='lat' dir='ltr'><strong>est</strong></span> <span class='ocrx_word' id='word_1_328' title='bbox 1094 3455 1304 3526; x_wconf 73' lang='lat' dir='ltr'><strong>yva]</strong></span> <span class='ocrx_word' id='word_1_329' title='bbox 1335 3458 1484 3510; x_wconf 87' lang='lat' dir='ltr'><strong>esset</strong></span> <span class='ocrx_word' id='word_1_330' title='bbox 1509 3456 1584 3523; x_wconf 73' lang='lat' dir='ltr'><strong>rt‘</strong></span> <span class='ocrx_word' id='word_1_331' title='bbox 1717 3457 1781 3511; x_wconf 88' lang='lat' dir='ltr'><strong>h:</strong></span> <span class='ocrx_word' id='word_1_332' title='bbox 1812 3474 1867 3512; x_wconf 89' lang='lat' dir='ltr'><strong>e:</strong></span> <span class='ocrx_word' id='word_1_333' title='bbox 1896 3475 1963 3527; x_wconf 83' lang='lat' dir='ltr'><strong>p:</strong></span> <span class='ocrx_word' id='word_1_334' title='bbox 1991 3457 2039 3511; x_wconf 85' lang='lat' dir='ltr'><strong>i:</strong></span> <span class='ocrx_word' id='word_1_335' title='bbox 2092 3458 2220 3528; x_wconf 90' lang='lat' dir='ltr'><strong>ipso</strong></span> <span class='ocrx_word' id='word_1_336' title='bbox 2248 3457 2435 3528; x_wconf 72' lang='lat' dir='ltr'><strong>psente</strong></span> 
     </span>
     <span class='ocr_line' id='line_1_37' title="bbox 409 3526 2434 3598; baseline 0 -18"><span class='ocrx_word' id='word_1_337' title='bbox 409 3528 651 3596; x_wconf 88' lang='lat' dir='ltr'><strong>pecusV</strong></span> <span class='ocrx_word' id='word_1_338' title='bbox 786 3532 855 3579; x_wconf 84' lang='lat'><strong>24</strong></span> <span class='ocrx_word' id='word_1_339' title='bbox 892 3526 1240 3596; x_wconf 88' lang='lat' dir='ltr'><strong>consumpsit</strong></span> <span class='ocrx_word' id='word_1_340' title='bbox 1274 3528 1395 3598; x_wconf 85' lang='lat' dir='ltr'><strong>rV]</strong></span> <span class='ocrx_word' id='word_1_341' title='bbox 1435 3528 1716 3582; x_wconf 88' lang='lat' dir='ltr'><strong>consumit</strong></span> <span class='ocrx_word' id='word_1_342' title='bbox 1750 3529 1916 3598; x_wconf 78' lang='lat' dir='ltr'><strong>yvbf</strong></span> <span class='ocrx_word' id='word_1_343' title='bbox 2052 3535 2122 3583; x_wconf 78' lang='lat'><strong>25</strong></span> <span class='ocrx_word' id='word_1_344' title='bbox 2161 3546 2274 3598; x_wconf 91' lang='lat' dir='ltr'><strong>qua</strong></span> <span class='ocrx_word' id='word_1_345' title='bbox 2303 3526 2434 3596; x_wconf 76' lang='lat' dir='ltr'><strong>P&#39;b]</strong></span> 
     </span>
     <span class='ocr_line' id='line_1_38' title="bbox 411 3597 965 3665; baseline 0.004 -16"><span class='ocrx_word' id='word_1_346' title='bbox 411 3597 550 3665; x_wconf 89' lang='lat' dir='ltr'><strong>quia</strong></span> <span class='ocrx_word' id='word_1_347' title='bbox 584 3597 620 3664; x_wconf 78' lang='lat' dir='ltr'><em>f</em></span> <span class='ocrx_word' id='word_1_348' title='bbox 649 3598 801 3664; x_wconf 86' lang='lat' dir='ltr'><strong>quod</strong></span> <span class='ocrx_word' id='word_1_349' title='bbox 841 3599 965 3651; x_wconf 75' lang='lat' dir='ltr'><strong>edit.</strong></span> 
     </span>
    </p>
   </div>
  </div>
 </body>
</html>
