2602 4013
232 200 239 204 ‘
358 198 443 262 58
768 228 771 233 ·
1019 196 1262 251 SCHOL.
1287 198 1356 250 Γ’
1374 200 1428 253 V
1446 198 1526 250 IN
1562 196 1731 251 HOR.

540 358 654 425 71.
702 362 741 441 ἓ
760 365 946 424 Nulla
990 365 1241 425 taberna
1286 386 1362 423 m.
1405 357 1469 446 (ν
1479 358 1565 446 0)]
1648 366 1848 444 Negat
1884 384 1945 425 se
1982 365 2215 425 libellos
2254 363 2399 425 suos

358 450 527 513 edere
571 455 932 530 bibliopolis,
977 474 1053 514 ne
1097 457 1421 531 inperitam
1456 455 1697 513 turbam
1732 455 2018 528 incidant,
2066 455 2264 530 qualis
2302 456 2403 513 est

356 543 761 621 Hermogenes
808 543 1114 623 Tigellius.

530 651 662 710 Hoc
725 652 814 709 ita
876 652 1106 726 posuit,
1179 652 1465 726 quoniam
1525 649 1887 725 bibliopolae
1947 651 2234 710 stationes
2290 651 2402 709 uel

286 755 318 803 5
358 742 618 799 armaria
672 742 830 798 circa
882 740 1039 814 pilas
1093 739 1192 798 uel
1246 739 1552 798 columnas
1607 738 1934 812 habebant,
1998 757 2067 798 ac
2120 757 2229 814 per
2277 739 2401 798 hoc

356 829 619 889 ostendit
675 846 736 887 se
790 847 911 887 non
964 831 1187 887 temere
1243 829 1525 903 cuiquam
1578 827 1813 887 libellos
1869 846 2005 888 suos
2052 828 2223 886 edere
2270 829 2402 888 nisi

357 920 534 978 certis
582 921 643 977 et
686 918 890 977 electis
934 919 1223 993 personis
1250 910 1358 997 (Γ
1367 918 1400 974 b
1417 917 1537 988 ch

533 1024 933 1099 *Plerumque
997 1026 1062 1082 in
1124 1024 1265 1099 pilis
1331 1023 1430 1082 uel
1483 1026 1548 1081 in
1602 1024 1893 1083 columnis
1949 1026 2394 1101 epigrammata

356 1114 694 1173 scribebant
736 1115 950 1188 poetae
995 1113 1092 1171 uel
1138 1112 1481 1188 bibliopolis
1527 1112 1848 1172 tradebant
1895 1103 2000 1192 (Γ
2009 1113 2127 1184 ὂοζ

251 1237 319 1286 10
540 1212 653 1280 74.
736 1220 874 1279 Non
935 1220 1133 1278 ubiuis
1200 1211 1324 1300 (ν)]
1417 1218 1580 1278 Idest
1644 1238 1833 1294 neque
1901 1237 2133 1294 semper
2196 1238 2397 1294 neque

356 1312 560 1385 aperte
607 1327 798 1384 neque
845 1310 1013 1367 extra
1058 1310 1279 1367 amicos
1324 1309 1510 1367 recito
1559 1299 1664 1387 (Γ
1674 1309 1708 1366 b
1717 1309 1756 1380 f
1770 1308 1826 1366 V

534 1414 573 1491 ξ
592 1415 664 1473 In
710 1415 905 1474 medio
953 1417 1059 1491 qui
1104 1417 1306 1490 script.
1348 1405 1470 1496 (ν)]
1554 1413 1684 1473 Hoc
1730 1416 1814 1473 sic
1859 1414 2396 1489 pronuntiandum,

357 1507 529 1580 quasi
584 1504 838 1580 quilibet
891 1504 1055 1564 dicat
1108 1506 1529 1579 contempnens
1575 1502 1923 1562 Horatium:
1986 1502 2120 1562 ideo
2176 1506 2244 1562 tu
2301 1522 2398 1563 se-

355 1596 511 1653 crete
557 1596 800 1667 recitas,
858 1596 1000 1669 quia
1044 1593 1224 1652 multi
1269 1593 1568 1669 digniores
1613 1594 1676 1651 te
1721 1594 1885 1666 sunt,
1934 1594 2040 1668 qui
2082 1595 2148 1651 in
2192 1592 2396 1653 medio

249 1700 317 1749 15
353 1684 483 1742 foro
546 1684 818 1742 recitant.
911 1682 1141 1741 Deinde
1197 1684 1496 1741 consentit
1549 1681 1837 1740 Horatius
1893 1684 1956 1740 et
2009 1681 2204 1740 addit:
2269 1700 2397 1741 non

353 1773 693 1831 mirandum
745 1773 882 1846 hoc,
936 1791 1079 1830 nam
1122 1771 1344 1830 multos
1392 1790 1541 1844 esse,
1599 1771 1704 1845 qui
1749 1773 1811 1828 et
1854 1772 1919 1828 in
1963 1769 2193 1830 balneis
2240 1773 2395 1831 reci-

353 1863 502 1936 tent,
549 1863 609 1920 et
654 1861 823 1920 addit
867 1879 1107 1920 causam
1150 1880 1258 1936 per
1303 1862 1577 1932 ironiam,
1625 1861 1766 1934 quia
1810 1861 1876 1917 in
1910 1859 2139 1919 balneis
2175 1861 2397 1921 melius

356 1969 475 2010 uox
518 1951 753 2011 resonet
800 1941 903 2031 (Γ
913 1951 947 2009 b
963 1950 1083 2022 ch'
1115 1951 1186 2023 cf.
1226 1950 1439 2024 Porph.

537 2051 652 2118 78.
704 2050 818 2118 79.
866 2056 904 2133 ξ
925 2058 1006 2116 Et
1040 2057 1152 2116 boc
1189 2057 1387 2116 studio
1424 2075 1645 2132 prauus
1682 2045 1803 2136 (v)]
1881 2053 2180 2114 Subiectio
2221 2049 2393 2136 [est].

249 2164 317 2213 20
357 2146 473 2206 Sed
516 2147 670 2206 forte
717 2147 890 2206 dicis:
952 2148 1235 2222 quoniam
1280 2148 1549 2221 satyram
1594 2144 1820 2218 scribiS‚
1867 2163 1901 2203 o
1948 2143 2184 2218 Horati,
2234 2164 2393 2220 quae

354 2238 529 2296 notat
572 2237 858 2310 homineS,
903 2235 1035 2294 ideo
1084 2236 1241 2294 clam
1284 2237 1503 2293 recitas
1552 2224 1700 2313 (P'b
1716 2233 1836 2305 ch

537 2335 651 2402 79.
697 2322 913 2400 *Vnde
947 2344 1205 2417 petitum
1244 2333 1367 2422 (v)]
1448 2340 1576 2399 Aut
1609 2340 1765 2399 unde
1803 2339 2069 2400 didicisti
2104 2341 2234 2415 hoc,
2283 2345 2395 2401 aut

353 2432 509 2491 unde
554 2434 686 2505 scis,
735 2431 880 2507 quid
925 2433 1007 2490 sit
1041 2449 1291 2506 prauum
1307 2427 1338 2487 ?
1378 2421 1482 2511 (Γ
1507 2430 1679 2503 ylo-33.
1697 2430 1753 2488 V

532 2660 564 2707 2
610 2655 796 2724 inper:
836 2655 959 2726 yV]
996 2654 1202 2723 imper:
1258 2670 1398 2718 rvc,
1445 2653 1476 2706 b
1513 2653 1730 2706 abscisa
1770 2651 1919 2706 inter
1963 2651 2248 2721 picturam
2290 2663 2322 2718 ζ

353 2732 387 2779 4
425 2725 691 2793 quoniam
754 2726 905 2795 quod
942 2730 1012 2790 cg
1184 2724 1279 2785 uel
1320 2724 1386 2777 Γ’
1403 2724 1532 2794 bct]
1571 2723 1721 2777 idest
1759 2725 1813 2778 V
2021 2729 2052 2776 6
2092 2723 2386 2796 cuiquam]

353 2797 663 2865 quuiquam
965 2802 993 2849 7
1034 2796 1202 2850 certis
1249 2798 1308 2850 et
1349 2794 1568 2866 electis]
1606 2794 1973 2848 nobilissimis
2010 2796 2079 2858 σζ
2122 2794 2292 2849 certis
2332 2798 2393 2849 et

352 2868 575 2923 iectisV
604 2869 771 2922 certis
801 2871 858 2922 et
885 2867 1080 2922 eiectis
1099 2885 1130 2921 r
1295 2873 1360 2920 12
1387 2866 1495 2920 hoc
1513 2897 1585 2906 —
1603 2865 1703 2934 qui
1731 2866 1811 2936 et]
1833 2867 1977 2929 cmg
2136 2873 2201 2920 13
2222 2868 2391 2935 quasi

354 2939 499 3010 quil:
531 2939 708 3012 dicat]
739 2943 825 2994 est
851 2940 1016 3009 quasi
1043 2939 1200 2992 dicat
1226 2937 1471 3007 quilibet
1496 2953 1526 2991 c
1669 2938 1824 2990 cont:
1857 2969 1923 2976 —
1953 2936 2143 3009 multi]
2174 2940 2320 3003 om}

357 3018 422 3066 14
444 3010 675 3083 recitas]
697 3011 895 3066 scribis
914 3012 946 3065 b
1091 3009 1402 3079 digniores]
1422 3025 1534 3062 non
1553 3007 1899 3077 indigniores
1919 3025 1947 3062 c
2094 3013 2159 3061 15
2180 3009 2390 3063 deinde

354 3115 421 3123 —
449 3082 581 3153 hoc]
619 3100 719 3138 om.
750 3100 779 3137 c
935 3088 998 3136 16
1039 3082 1182 3152 esse]
1222 3080 1421 3134 dicunt
1457 3095 1577 3133 esse
1615 3095 1644 3132 c
1786 3079 1846 3131 in
1884 3077 2128 3203 balneis]
2168 3080 2250 3133 eis
2290 3085 2323 3145 ζ

350 3154 614 3226 recitent]
655 3154 901 3208 recitant
936 3170 981 3219 c,
1017 3154 1166 3219 defic.
1197 3153 1227 3215 ζ
1373 3156 1436 3204 17
1476 3153 1535 3204 et
1572 3149 1757 3221 addit]
1796 3150 2037 3219 ideoque
2075 3168 2105 3204 c
2130 3167 2391 3206 amamus

353 3226 688 3296 (dannamus
726 3227 772 3295 ζ)
808 3227 900 3291 οξ,
957 3225 1161 3279 lacuna
1205 3224 1267 3275 in
1308 3224 1362 3277 V
1566 3221 1714 3275 hanc
1760 3237 1991 3275 causam
2035 3223 2126 3287 οζ,
2182 3223 2392 3277 lacuna

352 3305 480 3352 ante
500 3315 555 3351 c:
585 3299 648 3351 in
669 3298 722 3351 V
856 3295 1136 3349 hii-oniam
1154 3310 1222 3347 rc
1257 3293 1556 3361 hyroniam
1577 3314 1607 3361 γ
1623 3294 1676 3347 V
1702 3292 1998 3360 hyr-eniam
2017 3312 2051 3345 ν
2078 3294 2345 3361 yroniam
2364 3302 2396 3360 ζ

353 3368 552 3437 yronia
588 3370 620 3423 b
795 3373 859 3423 18
896 3366 1143 3448 resonet]
1181 3367 1343 3418 sonet
1377 3368 1445 3428 οζ
1616 3369 1679 3417 19
1719 3364 1911 3418 lemma
1948 3365 2010 3416 in
2046 3365 2136 3428 cg:
2177 3364 2396 3420 Ledere

351 3439 566 3509 gaudes
711 3438 1009 3509 subiectio]
1054 3435 1296 3491 obiectio
1335 3457 1369 3490 ν
1514 3437 1600 3489 est
1636 3437 1705 3499 οζ
1738 3452 1838 3490 om.
1877 3438 1993 3490 cett.
2142 3440 2212 3488 20
2251 3455 2392 3506 quo-

352 3511 530 3582 niam]
570 3510 848 3579 quomodo
886 3512 953 3574 οζ
1104 3510 1354 3576 satyram
1390 3506 1593 3561 rvac
1603 3507 1652 3576 ζ]
1691 3507 1925 3560 satiram
1963 3526 1995 3574 γ
2142 3524 2291 3576 quae
2321 3523 2408 3552 -·

352 3582 582 3652 recitas]
620 3599 720 3636 om.
751 3583 824 3645 οξ
