2602 4013
774 196 1128 251 ADDENDA
1164 196 1313 249 AVT
1352 195 1824 250 CORRIGENDA
2170 194 2299 259 509

363 359 755 423 Caesariensis,
799 359 1120 411 mentionem
1163 356 1304 424 facit
1339 356 1714 427 Hieronymus
1759 357 1823 410 de
1867 358 1975 409 uir.
2014 356 2114 410 inl.
2151 371 2195 409 c.
2234 359 2303 407 54

354 448 414 498 p.
446 435 530 495 32,
554 434 619 482 19
661 429 1006 484 Richardson

342 519 401 569 p.
433 506 463 552 2
503 502 600 554 lin.
631 505 661 552 9
699 501 868 554 uerba
895 515 929 551 a
956 498 1100 567 pede
1131 497 1570 580 choriambicum
1598 499 1826 552 delenda
1844 504 2018 552 censet
2045 499 2092 552 Ι.
2114 497 2304 552 Simon

342 589 401 640 p.
432 573 897 697 {bappargllindg
937 572 1032 675 ξτες.
1071 569 1327 695 lzisqssdus
1365 570 1513 639 γαί]
1542 585 1652 638 pro
1688 568 1945 637 hispidus
1984 569 2064 636 Pj

342 660 401 782 Ξ.
436 719 500 767 16
541 661 637 767 liz.
669 718 699 764 2
729 659 836 782 p‘rzo
875 658 1160 766 anastasi:
1190 656 1440 767 Igu-aeus
1476 729 1610 765 mus.
1643 712 1749 767 Rh.
1784 715 1918 764 1903
1949 729 2008 780 p.
2039 715 2143 763 466
2173 727 2303 779 pro-

355 787 519 853 ponit
554 783 780 854 ’ὀρύγιον
817 785 907 838 uel
939 781 1172 847 τζάπιον

345 873 404 924 p.
436 860 500 907 21
539 874 593 909 u.
627 861 780 908 1—4.
842 856 1148 909 Lectionem
1184 860 1496 922 corruptam
1531 861 1659 908 ante
1700 855 1881 908 oculos
1924 852 2175 907 habuisse
2218 854 2303 934 ui-

364 925 1533 1064 ffssfgmffiyfflfflssffla35225325334
1546 923 2306 1065 grsssssssssssuffiffffi

364 1069 432 1134 cf.
471 1070 635 1123 etiam
670 1069 849 1123 Senec.
887 1074 1002 1122 nat.
1041 1073 1239 1136 quaest.
1277 1066 1330 1119 Π
1367 1073 1432 1119 41
1456 1084 1535 1135 sq,

292 1139 405 1208 ΙΡ.
438 1145 504 1193 33
545 1142 641 1194 lin.
671 1145 704 1192 4
742 1138 1108 1207 uoluptate
1144 1137 1451 1192 faciente
1487 1145 1623 1194 recte
1659 1145 1840 1193 tuetur
1876 1139 2127 1192 Heraeus

293 1210 318 1263 I
347 1230 407 1280 p.
439 1215 506 1263 49
547 1213 643 1264 lin.
676 1216 706 1262 9
738 1217 864 1278 post
898 1209 1191 1263 uaseulum
1219 1226 1365 1277 pone
1402 1225 1618 1262 comma

292 1282 317 1334 Ι
345 1300 405 1350 Ρ.
436 1287 502 1334 57
544 1283 640 1336 lin.
674 1286 738 1334 16
772 1296 876 1349 pro
913 1281 1249 1351 [Fugantur]
1288 1280 1541 1334 Heraeus
1569 1282 1835 1350 proponit
1869 1279 2148 1333 Sedantur

292 1352 318 1405 I
346 1371 405 1421 p.
440 1358 504 1406 61
547 1355 643 1407 lin.
678 1358 742 1405 15
773 1369 879 1421 pro
916 1368 1108 1405 uersus
1147 1353 1242 1421 leq.
1280 1367 1445 1404 uersu

294 1423 318 1475 I
348 1441 406 1493 p.
440 1428 504 1476 91
547 1425 642 1477 lin.
676 1428 741 1475 29
761 1441 837 1491 sq.
873 1440 974 1491 pro
1013 1423 1207 1477 ‘totum
1241 1423 1483 1477 scholion
1518 1439 1630 1492 om..
1658 1423 1705 1475 c’
1749 1423 1845 1493 leq.
1882 1421 2065 1476 medie
2103 1440 2132 1476 c

293 1495 319 1547 I
347 1513 406 1563 p.
439 1500 506 1547 94
546 1496 642 1549 lin.
676 1499 741 1546 10
780 1494 1089 1562 uiripotens
1125 1495 1215 1547 uel
1247 1492 1358 1546 uiri
1395 1495 1594 1562 potens
1630 1499 1766 1548 recte
1785 1493 2031 1560 praefert
2058 1494 2310 1547 Heraeus

295 1567 320 1619 Ι
347 1584 408 1634 Ρ.
442 1571 542 1619 119
582 1567 678 1620 lin.
712 1571 739 1618 1
781 1567 877 1637 leq.
916 1564 1081 1618 ludus
1112 1580 1219 1633 pro
1255 1564 1417 1618 lodus

295 1637 320 1689 Ι
349 1655 409 1706 Ρ.
442 1642 542 1690 139
582 1638 678 1691 lin.
713 1641 777 1689 19
816 1636 957 1690 adde
993 1638 1082 1705 (cf.
1123 1635 1336 1690 Lucan.
1368 1635 1445 1689 V1
1482 1639 1567 1702 60,
1604 1635 1747 1703 quod
1784 1635 1999 1702 quidem
2034 1635 2313 1703 perspexit

369 1708 618 1763 Heraeus
654 1725 790 1762 mus.
831 1709 934 1763 Rh.
977 1712 1113 1760 1903
1151 1725 1203 1774 p.
1235 1709 1360 1775 467)

292 1779 321 1830 Ι
350 1797 410 1847 p.
443 1785 543 1832 159
582 1781 679 1834 lin.
714 1785 777 1831 12
808 1795 915 1848 pro
944 1779 1094 1846 quod
1122 1778 1442 1831 ostenderet
1462 1792 1710 1844 propono
1748 1793 1875 1844 quo
1913 1776 2313 1829 ostenderet

298 1850 323 1902 Ι
350 1869 411 1918 p.
444 1855 544 1903 163
584 1851 680 1903 lin.
714 1856 742 1902 7
773 1867 880 1918 pro
916 1849 1346 1916 relinquendam
1381 1849 1673 1903 Stowasser
1710 1849 1956 1916 praefert
1989 1846 2313 1900 relicturam

367 1928 430 1975 ut
475 1923 590 1975 eoeh.
630 1943 663 1990 γ
676 1922 831 1989 ch,
869 1922 1013 1988 quod
1058 1921 1272 1988 quidem
1303 1935 1409 1988 pro
1445 1921 1789 1973 substantiuo
1827 1920 2216 1987 interpretatur
2251 1924 2315 1972 ut

361 1994 616 2061 pictura,
662 1999 903 2058 statura,
949 1997 1172 2046 natura.
1247 1992 1343 2045 An
1387 1991 1648 2059 scriptum
1692 1996 1810 2045 erat
1843 1988 2117 2043 relictuiri
2153 1995 2313 2043 eam?

370 2065 437 2130 cf.
477 2065 680 2132 Porph.
718 2082 883 2118 carm.
920 2063 946 2115 I
987 2070 1013 2117 1
1054 2065 1131 2116 in.
1170 2062 1426 2116 relatuiri
1471 2069 1520 2116 et
1566 2079 1703 2130 quae
1749 2062 1813 2115 de
1857 2063 1961 2115 hac
2003 2062 2184 2127 forma
2224 2078 2312 2114 ex-

364 2138 552 2203 posuit
588 2136 896 2205 Landyraf
932 2137 994 2188 in
1042 2135 1213 2200 Wo'lff
1213 2135 1319 2187 lini
1362 2135 1570 2188 archiu.
1613 2135 1741 2187 Lat.
1782 2134 1881 2186 lex.
1920 2131 1996 2184 IX
2026 2150 2085 2200 p.
2115 2137 2217 2185 556
2237 2149 2313 2200 sq.

301 2206 326 2258 Ι
356 2223 413 2275 p.
449 2212 549 2259 173
590 2208 687 2260 lin.
723 2211 751 2258 7
782 2222 890 2275 pro
926 2204 1168 2258 ferocem
1205 2205 1500 2259 Stowasser
1529 2205 1792 2272 proponit
1827 2203 2156 2257 frementem

299 2277 325 2330 I
354 2296 413 2346 p.
447 2283 547 2331 188
588 2279 684 2331 lin.
716 2284 746 2329 2
777 2294 884 2346 pro
922 2278 1145 2329 curatas
1182 2277 1436 2330 Heraeus
1463 2277 1728 2343 proponit
1768 2276 1996 2342 paratas

299 2348 325 2401 I
353 2367 412 2417 p.
447 2354 547 2401 192
588 2350 683 2403 lin.
715 2353 775 2400 5:
829 2348 1073 2402 codicum
1111 2348 1385 2401 lectionem
1421 2345 1843 2414 prosperabitur
1890 2349 2013 2412 (pro
2048 2359 2315 2413 prospera

372 2419 600 2473 dabitur
636 2420 787 2486 edit.)
827 2419 1070 2485 defendit
1103 2419 1398 2472 Stowasser

299 2490 325 2543 I
353 2510 412 2560 p.
446 2496 547 2544 194
587 2492 682 2545 lin.
717 2496 747 2543 6
778 2506 885 2561 Ρνο
922 2492 1094 2559 negat
1129 2488 1248 2542 fore
1285 2491 1511 2558 (negare
1540 2488 1715 2554 codd.)
1743 2488 2037 2542 Stowasser
2054 2488 2319 2555 proponit

372 2578 571 2615 necare

301 2632 326 2683 I
355 2652 414 2701 p.
449 2639 548 2686 199
589 2635 684 2686 lin.
717 2640 746 2685 2
776 2651 883 2702 pro
922 2632 1144 2686 excludi
1179 2631 1475 2687 Stowasser
1511 2631 1758 2685 emendat
1795 2629 2014 2682 extrudi

302 2703 328 2755 I
357 2710 548 2825 {139
581 2706 691 2826 (liin.
724 2710 788 2756 14
829 2722 934 2773 pro
981 2703 1285 2757 extruendo
1334 2705 1382 2756 I.
1421 2703 1488 2756 F.
1534 2702 1853 2757 Gronouius
1896 2702 2183 2768 proposuit
2228 2716 2318 2752 ex-

402 2791 466 2825 ru
510 2790 577 2825 en
620 2791 651 2826 ο

304 2844 327 2894 I
361 2862 418 2911 p.
452 2848 553 2895 200
595 2846 688 2897 lin.
720 2851 777 2896 2:
817 2846 1067 2899 Heraeus
1095 2845 1358 2913 proponit
1396 2846 1598 2897 cuncta
1635 2841 1870 2896 effluant

305 2914 331 2966 I
360 2933 419 2983 p.
452 2919 553 2967 203
593 2916 689 2967 lin.
724 2920 786 2967 16
826 2932 926 2982 pro
961 2932 1062 2983 per
1097 2932 1263 2984 gyras
1304 2917 1399 2986 leq.
1437 2931 1768 2984 pergyras
1814 2914 1885 2979 cf.
1923 2913 2136 2967 Siluiae
2164 2929 2317 2980 pere-

376 2987 619 3056 yrinatio
648 3003 706 3053 p.
738 2991 803 3038 63
821 2987 885 3040 Gr.
928 2988 1217 3052 (Heraeus,
1255 3004 1387 3040 mus.
1429 2988 1533 3040 Rh.
1577 2991 1712 3039 1903
1747 3002 1802 3052 p.
1834 2990 1937 3037 465
1956 2987 2057 3051 sq.)

305 3057 331 3108 Ι
360 3075 419 3124 Ρ.
451 3062 554 3109 223
594 3058 690 3110 lin.
723 3061 753 3107 2
794 3073 899 3123 pro
943 3056 1085 3110 uicti
1122 3058 1372 3111 Heraeus
1401 3059 1664 3125 proponit
1707 3055 1918 3125 priuati
1965 3055 2073 3122 (uel
2117 3053 2320 3121 orbati)

304 3128 330 3181 I
360 3147 420 3197 p.
452 3133 554 3180 230
595 3129 691 3181 lin.
723 3134 751 3178 1
800 3145 982 3181 uocem
1032 3127 1226 3180 audire
1269 3134 1394 3195 post
1444 3128 1582 3180 mihi
1633 3129 1925 3182 Stowasser
1976 3127 2166 3180 lemma
2216 3142 2324 3178 esse

369 3206 538 3267 putat
564 3200 851 3253 uerborum
886 3200 1218 3266 sequentium

308 3271 333 3323 I
363 3288 420 3338 p.
456 3275 558 3323 235
599 3271 693 3324 lin.
728 3275 757 3322 3
790 3285 895 3336 pro
935 3273 987 3321 Γ
1018 3271 1113 3338 leg).
1156 3267 1228 3321 Γ’

305 3342 331 3395 I
361 3360 418 3411 p.
452 3347 552 3394 247
595 3343 690 3395 lin.
722 3346 753 3392 5
775 3358 848 3408 sq.
898 3343 1107 3408 quanto
1141 3382 1149 3391 .
1185 3382 1194 3391 .
1229 3382 1238 3391 .
1270 3342 1431 3392 tanto
1475 3340 1717 3405 defendit
1755 3341 1920 3394 Kroll
1954 3342 2090 3394 conl.
2131 3339 2323 3392 Land-

379 3416 552 3482 9rafio
590 3414 654 3465 in
693 3412 994 3477 Woelfflini
1029 3412 1175 3465 arch.
1212 3409 1289 3462 IX
1318 3428 1377 3478 p.
1408 3414 1508 3462 561
2151 3437 2162 3470 ,

308 3484 333 3535 Ι
364 3502 421 3552 p.
454 3490 556 3537 302
597 3486 691 3538 lin.
729 3489 789 3535 17
831 3484 944 3537 dele
979 3500 1184 3537 comma
1213 3489 1342 3550 post
1378 3498 1477 3534 nos

309 3555 335 3606 Ι
364 3574 420 3623 Ρ.
455 3561 556 3608 303
597 3558 692 3609 lin.
726 3563 756 3608 8
822 3556 987 3608 uerba
1048 3554 1278 3622 propter
1342 3551 1615 3605 nuditatis
1681 3552 1955 3606 incestum
2018 3553 2327 3620 interpretis
