2602 4013
266 1578 332 1626 10

267 2025 333 2073 15

261 2469 331 2517 20

259 2913 331 2962 25

375 226 506 291 262
1032 225 1276 281 SCHOL.
1299 225 1371 280 P'
1383 226 1435 281 V
1457 225 1537 279 IN
1571 224 1742 279 HOR.

373 394 666 455 liberabit.
758 395 888 455 Hoc
951 413 1092 454 sane
1150 395 1227 453 ad
1280 395 1581 453 hominem
1633 395 1889 453 relatum
1942 397 2034 453 est
2088 388 2233 472 [hoc
2290 397 2406 453 est:

373 478 601 562 uirum]
647 503 788 542 uere
835 484 1164 559 sapientem
1211 476 1322 564 (P‘
1342 485 1375 542 b
1393 484 1431 555 f
1452 484 1509 543 V

557 567 669 634 79.
718 574 1041 648 Responsio
1088 575 1207 631 uiri
1251 573 1537 648 sapientis
1586 575 1646 631 et
1681 571 1947 645 Horatii3
1994 573 2056 630 et
2102 574 2197 631 est
2233 571 2408 631 ordo:

372 662 484 722 hoc
547 663 729 722 sentit
780 662 968 721 bonus
1023 663 1119 720 uir
1160 664 1393 737 positus
1438 664 1504 721 in
1552 662 1854 738 angustia:
1916 663 2044 737 ipsc
2093 661 2240 719 deus
2288 663 2409 720 sta-

373 753 510 825 tim,
570 754 640 809 ut
683 752 957 825 noluero,
1009 769 1103 809 me
1150 752 1346 809 soluet
1390 769 1426 809 a
1472 750 1744 810 uinculis
1837 748 1993 818 Quid
2040 752 2094 808 si
2139 748 2409 809 moriar?

370 840 531 900 Mors
577 840 710 899 finis
759 859 956 917 rerum
1003 842 1092 899 est
1138 831 1242 919 (P'
1264 839 1321 899 V

1196 1249 1443 1311 EPIST.
1486 1252 1565 1308 17

553 1383 617 1450 1.
701 1391 1024 1466 Praecepta
1086 1392 1250 1449 uitae
1315 1389 1392 1449 ad
1455 1389 1716 1449 Lollium
1782 1390 2070 1449 Scaeuam
2135 1393 2408 1466 equitem

370 1480 720 1555 Romanum,
767 1498 844 1538 an
889 1479 1155 1539 sectandi
1191 1481 1313 1539 sint
1348 1481 1629 1556 potiores,
1676 1482 1736 1538 et
1772 1480 1982 1538 laudat
2016 1479 2409 1556 Aristippum

373 1568 769 1644 Oirenaicum,
829 1569 933 1644 qui
988 1569 1380 1628 adfectauerit
1433 1587 1569 1628 cum
1622 1567 1859 1646 regibus
1915 1570 2122 1627 uiuere
2183 1561 2273 1650 (Γ
2279 1565 2344 1641 'f
2357 1568 2420 1628 V

549 1649 618 1718 4.
700 1658 1084 1717 *Verecunde
1158 1677 1218 1717 se
1280 1658 1482 1735 tangit
1548 1657 1718 1733 quasi
1780 1657 2081 1717 inferioris
2145 1658 2406 1734 peritiae

400 1748 458 1804 Γ
465 1742 482 1764 ’
501 1770 540 1805 α
559 1748 592 1805 b
612 1748 677 1804 Ε

371 1738 397 1828 <
549 1829 617 1896 8.
674 1833 1005 1910 *Caupona
1050 1826 1176 1916 (α)]
1259 1835 1670 1894 Diuersorium
1714 1837 1779 1893 in
1825 1836 1943 1910 uia,
1992 1854 2060 1894 ac
2106 1854 2218 1911 per
2263 1836 2406 1894 hoc:

370 1926 422 1984 si
466 1925 804 2000 frequentia
850 1926 911 1983 et
955 1923 1224 1983 sordibus
1271 1923 1583 1983 offenderis
1632 1915 1832 2005 (P'ab

549 2015 934 2074 Terentinum
954 2006 1078 2095 (α)]
1125 2012 1427 2089 Oppidum
1457 2012 1835 2089 Campaniae,
1865 2014 1972 2072 alii
1999 2015 2409 2090 municipium

369 2104 581 2163 uolunt
617 2106 755 2162 uiae
783 2102 1119 2162 Labicanae
1148 2103 1224 2161 ad
1250 2102 1508 2161 XLVIII
1534 2101 1812 2179 lapidem,
1856 2103 1962 2161 alii
1990 2103 2407 2178 Ferentinum,

368 2193 527 2268 quod
570 2193 633 2249 in
681 2194 888 2251 Tuscis
935 2200 1025 2251 est
1070 2185 1174 2273 (P'
1183 2193 1315 2263 oebf
1326 2192 1383 2251 V

546 2275 615 2341 9.
700 2280 942 2341 Sensus:
1004 2281 1210 2354 habet,
1273 2281 1498 2356 inquit,
1556 2284 1616 2340 et
1669 2283 1992 2357 paupertas
2048 2281 2410 2357 uoluptates

369 2388 532 2444 suas,
593 2372 646 2429 si
689 2369 964 2429 molestia
1009 2372 1209 2429 careat
1255 2371 1319 2427 in
1363 2372 1605 2429 remotis
1652 2370 1796 2430 locis
1845 2362 1960 2451 (P'
1979 2392 2018 2427 α
2036 2368 2075 2442 f
2095 2370 2154 2429 V
2183 2387 2343 2430 cons,
2375 2373 2412 2429 b

551 2450 663 2519 10.
711 2458 840 2518 Ηο0
886 2462 1000 2518 est:
1049 2461 1152 2534 qui
1197 2459 1329 2517 uita
1374 2460 1572 2534 latuit,
1619 2461 1689 2517 ut
1725 2461 1785 2517 et
1820 2462 2001 2517 natus
2041 2461 2104 2517 613
2138 2462 2408 2519 moriens

368 2549 759 2624 ignoraretur,
806 2549 910 2623 qui
955 2549 1073 2607 fuit
1118 2549 1182 2606 in
1227 2548 1490 2607 obscuro.
1574 2548 1684 2607 Est
1730 2551 1930 2608 autem
1967 2547 2410 2623 Epicureorum

368 2634 517 2694 λάθε
562 2634 801 2714 βιώσας,
848 2637 968 2695 late
1014 2639 1077 2695 in
1123 2638 1254 2695 uita
1301 2628 1404 2717 (Γ
1414 2636 1496 2695 ab
1506 2639 1544 2710 f
1555 2638 1612 2697 V

551 2716 663 2785 11.
711 2724 822 2782 *Si
866 2728 960 2785 uis
996 2726 1403 2804 indulgentius
1442 2727 1662 2801 uiuere,
1707 2727 2008 2785 innotesce
2046 2728 2108 2783 et
2143 2746 2255 2802 per
2292 2728 2411 2785 hoc

366 2814 644 2889 prodesto
687 2815 811 2873 -tuis
859 2806 1026 2895 (Γά
1046 2816 1079 2873 b
1098 2816 1136 2887 f
1144 2816 1211 2873 E

553 2895 668 2964 13.
741 2903 831 2961 Ex
884 2904 1137 2963 historia
1191 2903 1376 2963 sumit
1423 2904 1783 2979 exemplum,
1842 2903 2001 2978 quod
2045 2903 2409 2979 plerumque

368 2995 562 3068 prosit
632 2994 899 3052 amicitia
971 2995 1290 3066 maiorum,
1364 3010 1699 3068 proponens
1773 2992 1918 3052 duos
1988 2993 2412 3068 philosophos:

550 3186 576 3233 1
631 3181 738 3233 hoc
785 3182 871 3234 est
914 3147 1099 3233 uirum
1145 3196 1245 3234 om.
1274 3179 1555 3234 vVeuan.
1587 3181 1618 3234 b
1835 3183 1866 3231 2
1913 3179 2125 3251 uirum]
2171 3196 2275 3234 om.
2306 3181 2349 3246 f

369 3257 403 3304 4
440 3250 501 3304 in
539 3268 611 3305 an
693 3251 801 3305 stia
839 3250 1056 3320 positus
1097 3250 1149 3303 V
1322 3255 1354 3302 ὃ
1393 3249 1575 3305 soluet
1612 3266 1702 3304 me
1739 3251 1792 3303 V
1962 3256 1993 3302 9
2034 3267 2108 3304 an
2146 3251 2411 3305 sectandi

370 3322 485 3375 sint
522 3323 614 3389 F'f
675 3323 1019 3405 insectandis
1060 3322 1112 3375 V
1140 3321 1201 3375 111
1238 3323 1651 3377 sectandissent
1686 3342 1719 3375 ν
1927 3326 2004 3404 ,10
2043 3321 2167 3375 adf:
2205 3323 2261 3445 vi]
2299 3322 2407 3376 aff:

367 3400 486 3448 cett.
690 3400 752 3447 11
791 3395 981 3463 tangit
1017 3393 1073 3464 ν]
1110 3410 1210 3447 om.
1243 3394 1457 3448 ΓαόΕ
1633 3398 1699 3446 15
1735 3395 2081 3447 terentinum
2119 3393 2182 3465 α]
2248 3410 2384 3448 eren

368 3464 554 3518 tinum
584 3465 722 3518 Hor.
871 3470 936 3518 16
973 3464 1105 3519 uiae
1133 3463 1370 3518 Latinae
1397 3464 1662 3520 RRitter
1808 3470 1871 3517 17
1910 3465 2087 3535 quod]
2126 3465 2345 3519 om.vV

374 3540 440 3586 19
479 3534 739 3589 molestia
771 3536 973 3606 Poebf]
1011 3533 1305 3589 molestiae
1342 3534 1621 3602 (molestie
1646 3536 1700 3605 ν)
1729 3535 1828 3589 vV
1964 3536 2025 3588 in
2053 3535 2194 3589 locis
2223 3553 2410 3590 remo-

369 3605 446 3658 tis
467 3605 564 3657 vV
701 3611 767 3658 21
798 3605 896 3673 qui
918 3606 1123 3677 1*oebe
1163 3608 1220 3660 et
1258 3606 1356 3673 qui
1395 3606 1494 3659 vV
