2602 4013
430 196 564 261 280
1107 198 1352 253 SCHOL.
1374 202 1428 252 Γ
1443 201 1497 254 V
1513 198 1593 253 m
1627 199 1796 254 HOR.

618 358 732 426 18.
780 367 1059 444 Populus,
1103 369 1321 442 inquit,
1367 368 1670 426 Romanus
1715 370 1780 427 in
1824 369 1938 427 hac
1986 369 2117 428 sola
2162 389 2226 427 re
2274 369 2442 429 iustus

433 459 494 514 et
556 458 793 531 sapiens
857 460 974 532 est,
1038 456 1197 531 quod
1259 460 1323 515 te
1384 458 1649 533 praefert
1712 457 1983 518 omnibus
2039 458 2287 517 ducibus
2340 456 2441 518 stis

433 543 821 620 omnibusque
859 544 1119 620 Graecis,
1165 546 1268 604 sed
1303 546 1368 603 in
1403 546 1534 620 hoc,
1580 546 1743 621 quod
1779 550 1974 606 cetera
2010 547 2193 606 simili
2228 548 2440 606 ratione

432 652 550 692 non
595 634 904 709 ponderat,
949 636 1133 693 stulte
1178 637 1326 712 agit,
1372 635 1513 693 dum
1558 636 1760 693 omnia
1803 655 1964 695 noua
2008 637 2264 711 fastidit,
2312 652 2439 710 quac

359 734 392 781 5
433 742 469 780 a
513 723 705 798 poetis
752 723 1092 782 scribuntur
1136 726 1197 781 et
1241 742 1395 798 quae
1442 742 1479 782 a
1525 724 1817 784 iudicibus
1863 725 2183 799 dictantur,
2228 726 2296 784 in
2322 727 2437 782 tan·

430 816 565 869 tum
611 811 910 872 delectans
956 812 1274 886 ueteribus,
1321 816 1392 870 ut
1426 813 1619 889 legem
1655 812 2005 887 Romanam,
2052 833 2207 889 quae
2244 816 2303 873 in
2334 811 2439 869 XII

431 900 654 959 tabulis
720 904 1057 960 continetur
1115 900 1176 959 et
1228 901 1468 960 foedera
1522 901 1631 961 sub
1686 903 1947 978 antiquis
2003 903 2243 981 regibus
2292 902 2439 960 facta

430 989 529 1047 uel
576 1008 729 1065 quae
761 990 1017 1049 Romani
1062 991 1332 1050 fecerunt
1375 1008 1511 1049 cum
1539 990 1777 1050 Sabinis
1821 992 1920 1050 uel
1966 1011 2101 1051 cum
2146 992 2277 1050 alfis
2312 1009 2437 1068 gen-

429 1078 609 1152 tibus,
655 1079 839 1138 libros
887 1098 1122 1155 quoque
1169 1081 1431 1152 annales,
1476 1079 1581 1137 ubi
1623 1082 1757 1138 iura
1801 1080 2152 1156 ponfificum
2190 1081 2435 1139 contine-

327 1178 396 1225 10
433 1166 669 1243 bantur,
715 1170 777 1225 et
823 1171 1073 1245 antiqua
1118 1167 1431 1227 uolumina
1476 1171 1703 1244 uatum,
1749 1168 1905 1228 idest
1948 1170 2151 1230 Ennii„
2188 1168 2435 1240 Homeri,

430 1256 637 1330 Neuii,
702 1256 975 1331 Pacuuii,
1038 1258 1232 1330 Accu,
1296 1258 1563 1332 Afranii,
1624 1258 1889 1317 Terentii
1944 1260 2309 1359 aliorumque
2357 1259 2437 1314 ita

428 1365 537 1420 pro
593 1364 735 1405 uero
791 1349 1020 1421 teneat,
1077 1349 1248 1422 quasi
1294 1347 1499 1405 Musae
1554 1365 1626 1405 ea
1680 1346 1913 1449 locutae
1968 1349 2089 1406 sint
2138 1348 2203 1405 in
2252 1349 2436 1405 monte

430 1434 667 1492 Albano
715 1426 948 1513 (PaeV

612 1533 1209 1620 23.*<Tabu1as>]
1293 1541 1474 1620 Legis
1522 1534 1654 1621 (leq.
1690 1506 1879 1623 leges)
1924 1543 2041 1602 XII
2086 1562 2238 1620 quae
2283 1542 2438 1601 erant

326 1641 393 1687 15
431 1631 492 1688 in
542 1632 771 1689 aerario
819 1621 874 1710 (ε

609 1729 725 1796 26.
801 1731 1200 1815 *<Annosa>]
1284 1738 1679 1816 Ephexegesis
1727 1730 2049 1819 (PabfeE

608 1836 699 1900 28
720 1860 835 1915 sqq.
913 1840 1072 1902 Ordo
1135 1845 1453 1903 uerborum
1517 1846 1631 1903 est:
1705 1846 1757 1905 si
1819 1845 2075 1904 Romani
2139 1847 2433 1921 scriptores

427 1931 652 1990 nouelh‘
717 1932 921 1991 eadem
984 1932 1216 1992 trutina
1277 1936 1631 2010 pensantur,
1696 1935 1839 2011 quia
1901 1953 2171 2011 quaeque
2229 1935 2433 2009 scripta

430 2021 790 2082 Graecorum
844 2026 984 2081 sunt
1039 2024 1458 2098 antiquissima
1510 2024 1611 2082 uel
1665 2026 1922 2100 optima,
1975 2044 2095 2083 non
2151 2027 2239 2084 est
2288 2022 2432 2098 quod

322 2122 391 2170 20
431 2112 620 2170 multa
663 2112 997 2186 loquamur.
1082 2112 1163 2170 Et
1208 2114 1298 2171 est
1342 2130 1573 2172 sensus:
1619 2114 1671 2172 si
1708 2112 1963 2172 Romani
1997 2117 2209 2189 poetae
2245 2112 2432 2171 eodem

428 2202 696 2263 examine
734 2203 794 2259 et
819 2199 1040 2258 iudicio
1070 2203 1502 2276 examinantur,
1541 2221 1659 2277 quo
1689 2199 2067 2276 Graecorum,
2106 2204 2191 2276 ut,
2227 2203 2430 2277 quanto

427 2289 651 2347 fuerint
705 2291 1070 2364 antiquiores
1083 2335 1098 2364 ,
1162 2293 1333 2348 tanto
1388 2291 1510 2349 sint
1562 2290 2027 2351 honorabiliores
2075 2293 2137 2349 et
2181 2290 2431 2361 carioreS‚

428 2377 650 2436 nouelli
695 2395 836 2437 uero
883 2380 1094 2454 poetae
1138 2397 1246 2454 pro
1293 2379 1481 2438 nihilo
1529 2380 1838 2453 ducantur,
1884 2380 2038 2438 nihil
2081 2383 2285 2454 restat,
2324 2379 2429 2436 nisi

427 2470 496 2524 ut
541 2484 627 2540 ea,
673 2485 824 2542 quae
870 2486 976 2543 per
1021 2470 1297 2526 naturam
1343 2470 1565 2527 mutari
1609 2488 1729 2527 non
1763 2472 2035 2546 possunt,
2081 2469 2429 2547 denegemuS,

608 2730 635 2776 1
683 2739 944 2778 romanus
982 2724 1169 2793 inquit
1204 2746 1242 2778 α
1423 2726 1645 2795 sapiens
1684 2729 1742 2781 et
1776 2727 1959 2781 iustus
1999 2727 2052 2780 V
2227 2733 2258 2781 5
2293 2728 2347 2779 et
2369 2754 2424 2764 —

427 2795 716 2849 dictantur
778 2812 877 2851 om.
890 2796 943 2850 V
1118 2797 1430 2868 dictantur]
1469 2815 1569 2852 om.
1598 2814 1639 2851 r
1809 2804 1840 2851 6
1879 2796 2170 2852 delectans
2211 2802 2289 2852 Γε
2347 2795 2425 2848 de-

425 2868 667 2921 lectatus
790 2867 1075 2922 delectant
1111 2889 1148 2920 α
1291 2884 1437 2935 quae
1474 2869 1597 2939 yV]
1635 2885 1781 2936 quae
1815 2869 1876 2922 in
1912 2887 2026 2923 ras
2175 2875 2204 2922 7
2240 2871 2299 2922 ta
2334 2865 2427 2920 ulis

426 2957 504 2991 ra
517 2939 632 3009 eV]
669 2937 890 3008 legibus
929 2960 962 3008 y
1159 2937 1262 2993 sub
1298 2938 1526 3008 regibus
1565 2940 1814 3008 antiquis
1850 2958 1964 2994 ras
2183 2945 2215 2994 9
2249 2938 2423 2993 ubi-

428 3009 801 3081 aliorumque]
855 3011 1035 3065 nescio
1084 3029 1162 3066 an
1203 3012 1336 3064 haec
1379 3012 1550 3065 uerba
1585 3027 1692 3080 pro
1736 3012 2159 3094 interpolatione
2200 3009 2427 3066 habenda

425 3083 539 3136 sint
692 3087 754 3135 11
796 3082 941 3135 accii
977 3081 1183 3136 afranii
1219 3082 1473 3152 terentii]
1513 3099 1610 3136 om.
1627 3084 1680 3138 V
1815 3082 1959 3136 accii
1994 3083 2097 3153 ra]
2137 3082 2272 3137 actii
2305 3099 2367 3150 γε

428 3152 635 3207 afranii
689 3151 946 3207 affricani
975 3175 1012 3207 α
1156 3159 1224 3206 12
1251 3155 1447 3207 teneat
1471 3153 1525 3224 r]
1555 3155 1786 3208 teneant
1813 3154 1996 3223 yoesV
2135 3169 2203 3208 ea
2227 3153 2427 3208 locutae

427 3225 543 3278 sint
578 3245 609 3293 γ
746 3225 968 3278 locutae
1006 3225 1136 3278 sint
1157 3227 1212 3293 (ff
1231 3251 1299 3270 =
1330 3226 1462 3278 sunt
1497 3228 1544 3294 ε)
1582 3240 1649 3279 ea
1685 3243 1798 3280 ναε
2014 3227 2206 3280 monte
2242 3224 2423 3279 albano

427 3295 587 3366 ysV]
627 3295 683 3348 al
723 3311 830 3349 ano
863 3298 1054 3350 monte
1080 3314 1158 3350 roc
1303 3302 1371 3350 16
1409 3296 1771 3365 ephexegesis
1801 3296 1854 3367 b]
1886 3294 1965 3350 ef:
1995 3303 2097 3350 aut
2133 3295 2229 3351 eff:
2256 3301 2365 3350 cett.

429 3373 494 3420 17
534 3368 622 3419 est
658 3387 740 3435 γα
767 3367 934 3422 om.V
1112 3372 1177 3421 19
1215 3366 1311 3421 uel
1347 3367 1452 3438 γα]
1491 3370 1549 3421 et
1588 3369 1639 3422 V
1811 3372 1880 3420 20
1918 3366 2215 3422 eodem—
2240 3369 2303 3421 ut
2335 3383 2405 3433 γα

428 3438 593 3492 om.V
732 3443 798 3491 22
836 3438 1276 3493 honerabiliores
1306 3439 1371 3505 V,
1407 3442 1544 3494 recte
1579 3459 1617 3491 α
1645 3455 1787 3494 com.
1818 3459 1851 3507 y
1995 3440 2055 3492 et
2091 3439 2324 3493 cariores
2357 3434 2401 3487 V

427 3525 639 3629 omtyoe
687 3580 738 3632 V
784 3514 851 3561 24
887 3512 953 3563 ut
992 3510 1070 3580 V]
1107 3525 1208 3563 om.
1239 3529 1320 3578 γα
1464 3526 1565 3578 per
1601 3511 1706 3581 γα]
1745 3512 1876 3579 post
1911 3511 1964 3566 V
2098 3508 2299 3564 mutari
2333 3525 2404 3574 γα

426 3595 523 3630 mu
552 3593 646 3630 are
