2602 4013
900 1004 1538 1087 PRAEFATIO

1196 1168 1241 1226 Ι.

889 1311 986 1368 De
1031 1312 1454 1370 recensione
1501 1308 1539 1384 ξ

378 1452 1032 1512 Pseudacronianorum
1106 1453 1464 1512 scholiorum
1536 1453 1826 1527 optimam
1889 1453 2231 1528 antiquissi-

218 1559 473 1616 mamque
527 1543 934 1601 recensionem
980 1542 1178 1600 codice
1225 1541 1495 1600 Parisino
1541 1540 1601 1598 A
1647 1541 1939 1600 contineri
1985 1544 2230 1617 eiusque

217 1632 499 1689 auctorem
550 1635 691 1690 ante
737 1631 999 1689 medium
1040 1630 1319 1706 quintum
1356 1630 1657 1689 saeculum
1692 1632 1758 1687 in
1792 1629 1975 1688 Italia
2011 1632 2230 1690 uixisse

215 1720 590 1796 ueterumque
648 1737 950 1779 sacrorum
1004 1720 1292 1778 cultorem
1348 1719 1531 1777 fuisse
1585 1719 1649 1776 in
1705 1719 1974 1794 symbola
2036 1720 2231 1796 philo-

212 1805 467 1884 logorum
532 1809 938 1867 Bonnensium
1004 1807 1166 1883 Lips.
1235 1807 1582 1866 1864—67
1650 1828 1707 1884 p.
1766 1809 1893 1866 499
1916 1826 2043 1883 sqq.
2108 1810 2231 1868 iam

210 1897 422 1968 pridem
478 1917 516 1956 a
574 1897 745 1957 nobis
800 1898 1270 1956 demonstratum
1325 1898 1427 1954 est.
1522 1894 1670 1954 Cum
1722 1896 1835 1955 hac
1885 1898 2226 1956 recensione
2334 1973 2339 1977 .

210 1987 465 2059 proxima
513 1985 814 2047 affinitate
859 1987 1064 2045 iuncta
1110 1988 1251 2045 sunt
1295 1985 1473 2045 schol.
1512 1985 1698 2059 vap
1746 1987 1806 2043 et
1851 1985 1968 2061 Π,
2016 1985 2119 2045 sed
2163 1988 2229 2046 in

210 2077 527 2135 carminum
575 2076 730 2135 libro
777 2078 992 2151 quarto
1040 2078 1100 2133 et
1144 2075 1208 2133 in
1255 2072 1457 2151 epodis
1504 2077 1565 2133 et
1608 2074 1672 2131 in
1719 2076 1980 2133 carmine
2028 2094 2227 2134 saecu-

208 2161 309 2221 lari
360 2166 727 2224 scholiorum
781 2166 839 2222 Γ
887 2166 1187 2223 auctorem
1242 2163 1468 2222 scholia
1513 2155 1589 2221 A'
1636 2156 1751 2243 (=
1799 2164 2017 2223 codicis
2064 2165 2227 2223 illius

209 2254 522 2329 archetypi,
570 2253 728 2312 unde
775 2253 955 2313 codex
1000 2251 1059 2311 A
1096 2245 1294 2334 fluxit)
1343 2271 1463 2310 non
1509 2254 1648 2311 ante
1694 2253 1894 2311 oculos
1930 2251 2227 2327 habuisse,

207 2359 395 2400 uerum
422 2342 862 2418 Porphyrionis
896 2343 1421 2418 interpretationes
1457 2341 1521 2398 in
1558 2360 1728 2401 suum
1765 2359 1940 2399 usum
1976 2343 2227 2400 uertisse

205 2435 452 2506 apparet.
531 2432 748 2506 Itaque
795 2433 1079 2507 quoniam
1125 2430 1307 2489 codex
1351 2428 1410 2488 A
1448 2430 1555 2490 sub
1592 2429 1771 2488 finem
1806 2429 1949 2488 libri
1996 2429 2225 2506 epodon

205 2516 403 2595 deficit,
448 2524 518 2579 in
565 2521 1044 2596 supplementum
1090 2519 1440 2578 adduximus
1488 2517 1715 2577 codices
1760 2510 1934 2599 v(uel
1944 2511 2050 2600 P')
2068 2519 2220 2593 ch.

203 2603 349 2674 Quae
404 2608 568 2668 ratio
624 2626 808 2685 quam
861 2608 1021 2667 iusta
1076 2607 1282 2682 fuerit,
1336 2608 1489 2666 miro
1549 2625 1690 2666 casu
1744 2600 1971 2665 factum
2017 2609 2107 2666 est
2152 2611 2225 2666 ut

201 2694 359 2756 hodie
405 2698 589 2757 facile
624 2699 817 2773 possit
862 2697 1271 2756 demonstrari.
1367 2695 1508 2755 Sero
1555 2696 1730 2770 enim,
1776 2695 1936 2772 quod
1983 2696 2221 2771 quidem

200 2788 440 2845 maxime
507 2805 605 2844 me
657 2788 849 2865 piget,
911 2789 1235 2862 postquam
1287 2786 1567 2843 uolumen
1620 2786 1786 2860 prius
1842 2785 2018 2843 modo
2077 2786 2222 2844 exiit

201 2891 260 2929 ex
309 2877 510 2950 prelo,
565 2877 629 2932 in
684 2875 861 2933 scidis
905 2874 1482 2950 Hamburgensibus,
1538 2874 1611 2932 de
1666 2873 1879 2948 quibus
1938 2874 2010 2932 cf.
2068 2893 2221 2949 quae

200 2960 441 3023 diximus
489 2965 556 3021 in
591 2963 808 3022 Horati
853 2965 1046 3023 nostri
1086 2981 1138 3021 a.
1173 2963 1342 3021 1899
1383 2962 1529 3020 editi
1565 2963 1936 3038 praefatione
1972 2982 2029 3038 p.
2059 2962 2218 3038 XIV,

200 3049 673 3128 fragmentum
699 3052 895 3111 detexi
929 3053 1085 3110 ueri
1123 3052 1395 3110 codicis
1431 3051 1491 3109 A
1528 3050 1799 3110 duobus
1838 3051 2043 3111 foliis
2082 3070 2218 3110 con-

198 3140 379 3199 tinens
428 3142 613 3200 schol.
662 3140 828 3217 epod.
880 3142 982 3216 16,
1012 3142 1310 3214 33—17‚
1341 3141 1441 3200 50.
1518 3138 1645 3208 Quo
1690 3138 1778 3214 fit,
1823 3142 1892 3198 ut
1937 3142 2218 3216 exposi-

198 3229 423 3288 tiones
460 3229 525 3288 A
563 3230 629 3288 in
675 3230 864 3305 lyrica
901 3233 962 3289 et
996 3229 1254 3288 iambica
1288 3229 1507 3288 Horati
1545 3229 1811 3287 carmina
1845 3228 1967 3287 iam
2000 3228 2216 3289 habea-

200 3334 316 3376 mus
378 3337 572 3394 paene
634 3320 914 3396 integras.
1006 3318 1240 3377 Desunt
1294 3318 1452 3376 enim
1514 3318 1924 3377 tantummodo
1990 3319 2217 3394 exposi-

197 3407 376 3465 tiones
433 3410 502 3464 in
556 3406 722 3483 epod.
774 3408 874 3482 15,
906 3407 1140 3481 1--16,
1173 3408 1253 3465 32
1318 3408 1379 3464 et
1427 3408 1528 3480 17,
1568 3406 1855 3480 51—763
1909 3409 2217 3482 praeterea.

362 3595 389 3622 ⁸
431 3615 465 3647 ν
487 3596 552 3662 -ff-
574 3598 625 3649 Γ
653 3592 1096 3663 significauimus
1136 3592 1280 3664 siglo
1322 3591 1392 3646 Γ’

1824 3681 1894 3733 a*
