2602 4013
960 216 1170 270 SERM.
1194 216 1246 270 11
1274 223 1311 270 5
2025 217 2155 282 1⁵15

308 376 424 444 87.
490 382 802 460 5Scilicet
843 384 1002 443 elabi
1045 385 1096 445 si
1141 388 1344 487 posset
1390 376 1505 465 (ζ)]
1589 383 1833 444 Sensus:
1889 384 2154 444 declarat

158 472 240 530 itt
266 491 438 531 aarum
479 475 788 533 testatam
811 492 959 549 esse,
999 477 1087 548 ut,
1133 475 1196 534 si
1221 474 1479 533 cadauer
1514 476 1641 532 eius
1679 474 1946 550 elapsum
1983 477 2153 550 esset,

155 559 217 635 ie,
272 563 367 636 qui
426 581 549 622 non
604 563 982 641 protulisset,
1048 565 1275 623 careret
1328 562 1674 622 hereditate.
1766 562 1896 622 Hoc
1953 565 2155 622 autem

156 648 297 817 ((1ιᾴ15,
363 652 438 710 ut
501 651 885 729 heredipetas
954 654 1197 711 moneat
1260 653 1448 710 nimia
1511 651 1795 727 obsequia
1857 651 2151 711 declinare

177 739 262 796 Pb
276 740 312 811 f
318 759 351 798 ε
365 741 452 799 Vc
468 741 532 813 ζ
2227 753 2260 800 5

181 935 276 992 edit
300 837 427 997 ξέἓα.
445 842 829 926 <Obstipo>J
869 847 941 905 In
965 847 1225 906 alterum
1252 848 1566 906 humerum
1594 802 1889 906 declinato
1919 839 2023 928 (Γ
2026 849 2059 906 b
2072 847 2153 919 V‚·

155 951 181 989 r
463 959 505 995 ν

155 1127 214 1185 fix
298 1040 646 1102 *Inclinato
688 1038 866 1126 (item
894 1041 1159 1102 Scaurus
1203 1044 1367 1117 apud
1409 1035 1649 1124 Porph.)
1696 1044 1797 1102 uel
1840 1043 2152 1118 immobili,

216 1148 244 1188 ο
286 1122 632 1324 (ildeposito
678 1213 780 1303 (σζ
2192 1233 2262 1280 10

297 1307 498 1378 *Quia
540 1312 597 1369 is
641 1309 892 1369 habitus
915 1309 1232 1385 proximus
1280 1313 1372 1369 est
1414 1309 1806 1369 uerecundiae
1853 1302 1956 1391 (Γ
1967 1313 2000 1370 b

296 1407 418 1477 94.
488 1417 757 1494 *Populi
801 1418 859 1476 si
898 1417 1083 1476 fuerit
1127 1417 1507 1493 constipatio,
1552 1417 1743 1476 libera
1788 1436 1922 1475 eum
1968 1409 2071 1498 (Γ
2083 1417 2116 1475 b
2124 1417 2164 1490 f

298 1513 420 1584 952.
462 1521 503 1599 5
521 1523 752 1582 Aurem
788 1523 1124 1600 substringe
1160 1524 1401 1598 loquaci
1439 1515 1555 1605 (ζ)]
1623 1523 1958 1601 Diligenter
1993 1523 2153 1599 audi,

162 1612 241 1667 aut
286 1629 423 1671 caue
475 1632 553 1672 ne
602 1612 793 1672 dicas:
869 1613 1013 1687 quid
1058 1610 1304 1672 dixisti?
1393 1611 1617 1671 Aliter:
1689 1612 2010 1690 diligenter
2052 1611 2151 1672 ad·

161 1714 298 1758 moue
343 1719 518 1761 aures
564 1704 705 1761 tuas
733 1701 1030 1776 loquente
1076 1701 1183 1760 illo
1231 1693 1334 1769 (Γ
1345 1702 1378 1760 b
1387 1702 1427 1774 f
1438 1702 1567 1773 Vct
2192 1714 2265 1761 15

300 1799 415 1868 98³.
502 1806 667 1867 Ordo
678 1829 702 1866 t·
766 1809 1124 1886 inportunus
1188 1826 1367 1886 urge,
1427 1807 1585 1867 idest
1645 1808 1945 1868 laudando
2001 1826 2152 1883 eum,

157 1890 309 1953 donec
360 1897 587 1957 dixerit
639 1897 889 1956 sublatis
934 1897 1216 1956 manibus
1257 1897 1335 1956 ad
1381 1897 1638 1972 caelum,
1690 1897 1853 1957 idest
1890 1898 2151 1956 iuratus:

158 1979 247 2042 ohe
280 1986 414 2061 iam,
460 1985 623 2047 idest
668 1985 890 2045 sufficit
934 1988 995 2046 et
1038 1985 1186 2046 bene
1231 1985 1413 2046 habet
1460 1979 1565 2069 (Γ
1576 1986 1658 2062 bf
1669 1985 1728 2046 V

301 2092 729 2171 *Importunus
779 2085 933 2175 (οζ>]
1012 2094 1131 2152 Pro
1176 2096 1496 2170 inportune
1542 2086 1667 2176 (Γό
1676 2094 1715 2167 f
1715 2106 1746 2154 c
1755 2095 1788 2165 ζ

302 2192 415 2262 97.
462 2200 772 2259 Instanter
816 2200 1015 2276 lauda,
1060 2203 1130 2258 ut
1176 2202 1299 2260 eius
1348 2200 1703 2260 desiderium
1748 2202 1954 2261 uincat
1989 2200 2152 2259 obse·
2191 2211 2262 2259 20

161 2285 330 2357 quium
373 2281 498 2370 (Pb
508 2291 548 2364 f
559 2289 618 2349 V

304 2387 415 2458 98.
446 2394 488 2472 5
512 2394 884 2455 Crescentem
911 2399 955 2455 t.
988 2388 1114 2478 (ν)]
1159 2394 1530 2456 Gaudentem
1556 2396 1906 2456 rumoribus.
1946 2395 2156 2455 Lauda

163 2477 300 2540 illum
355 2485 526 2545 falsis
573 2484 867 2543 laudibus,
960 2483 1472 2554 Quemadmodum
1516 2486 1668 2543 utris
1714 2485 1958 2545 inmisso
2004 2485 2155 2544 flatu

163 2568 298 2630 nihil
324 2576 488 2651 capit
531 2574 668 2633 nisi
698 2574 892 2632 solum
936 2576 1249 2649 tumorem,
1294 2576 1386 2633 ita
1420 2580 1491 2633 et
1536 2575 1641 2650 qui
1687 2574 1840 2634 falso
1875 2574 2156 2633 laudatur

166 2647 232 2733 (Γ
234 2653 512 2811 Ῐξῗίξῇ
586 2754 812 2826 quanto
883 2754 1075 2830 magis
1148 2752 1381 2812 uideris
1444 2771 1580 2812 eum
1646 2751 1922 2811 laudibus
1985 2753 2153 2829 erigi,
2191 2673 2261 2721 25

170 2834 303 2896 tanto
343 2842 538 2919 magis
584 2840 834 2900 laudato
882 2834 985 2921 (Γ
999 2842 1032 2900 b

309 3033 336 3080 1
381 3027 537 3082 decl.
592 3027 706 3098 ita]
756 3026 840 3081 ita
895 3026 1146 3082 declaret
1190 3043 1219 3082 c
1272 3027 1357 3082 ita
1401 3032 1433 3093 ζ
1645 3034 1675 3081 2
1723 3027 1877 3152 eius}
1920 3028 1973 3081 ei
2018 3032 2087 3092 οζ
2269 3100 2274 3105 ,

170 3093 194 3140 3
222 3091 614 3153 hereditate—
643 3098 952 3170 declinare]
988 3099 1221 3154 euomuit
1248 3118 1273 3153 ε
1490 3105 1523 3152 4
1559 3099 1761 3170 nimia]
1804 3114 1838 3152 a
1912 3098 2088 3152 nimia
2125 3115 2155 3153 c

172 3175 248 3219 ⁰¹⁸²
271 3171 295 3231 ζ
428 3170 716 3224 declinare
751 3170 805 3240 r]
843 3169 1118 3224 declinari
1153 3175 1271 3225 cett.
1448 3176 1509 3223 11
1551 3170 1709 3240 quia]
1747 3187 1846 3224 om
1877 3190 1912 3223 ν
2053 3169 2153 3222 ha-

171 3228 290 3291 bitus
319 3241 372 3313 γ]
410 3241 604 3296 auitos
635 3243 755 3297 τὸν
918 3246 984 3295 13
1023 3240 1425 3310 diligenter—
1453 3241 1780 3324 diligemtae]
1819 3242 1985 3295 caute
2018 3244 2087 3304 οζ

173 3309 220 3358 15
248 3261 354 3383 ino]
392 3329 468 3367 eo
495 3316 568 3377 et
736 3318 801 3366 16
839 3312 1174 3382 inportunus
1211 3312 1266 3383 ν]
1307 3313 1406 3381 inp
1409 3312 1687 3367 ortunicie
1721 3314 1774 3366 V
1802 3312 2153 3381 importunus

175 3375 536 3497 Pnbabsciss.
687 3389 754 3438 18
791 3383 1073 3466 ohoziam]
1110 3330 2162 3465 hoeiampvhoeithoeiamP

176 3443 290 3515 h(..
310 3452 432 3525 hoc)
457 3456 495 3522 f
520 3455 632 3509 hoe
666 3457 699 3509 b
872 3460 940 3509 19
976 3455 1298 3524 (inportune
1337 3456 1388 3524 b)
1542 3461 1609 3508 22
1647 3454 1961 3508 rumoribus
1998 3453 2152 3508 codd

172 3517 444 3597 {umoribu-
485 3527 614 3581 edit.
822 3531 891 3579 23
928 3526 1096 3608 utriq]
1134 3543 1332 3580 uerum
1369 3531 1400 3591 ζ
1439 3525 1589 3579 inter
1623 3543 1653 3581 c
1697 3527 1900 3580 lacuna
1936 3527 2027 3580 in
2038 3526 2147 3579 V

176 3585 383 3670 inmisso]
422 3598 622 3654 lacuna
661 3599 726 3651 in
764 3598 817 3652 V
955 3603 1021 3651 26
1059 3596 1209 3652 idest
1245 3598 1304 3669 ν]
1342 3614 1442 3652 om.
1476 3599 1564 3652 Pb
2102 3620 2105 3628 ·
