2602 4013
619 1171 1267 1255 SERMONVM
1313 1173 1661 1256 LIBER
1706 1131 1790 1255 ι’

335 1353 376 1429 ἓ
399 1353 765 1413 Sermonum
810 1353 950 1412 libri
993 1354 1126 1412 ideo
1175 1354 1348 1428 dicti,
1411 1356 1552 1429 quia
1596 1355 1708 1412 uili
1752 1372 2019 1413 sermone
2065 1358 2207 1413 sunt

161 1444 358 1518 potius
408 1462 602 1519 quam
648 1443 931 1517 tumenti,
977 1443 1103 1500 siue
1151 1444 1294 1518 quia
1343 1444 1417 1500 ad
1464 1443 1800 1518 praesentes
1847 1443 2199 1502 scribuntur.

70 1550 74 1557 ’
164 1532 457 1607 Epistulis
509 1533 673 1589 enim
720 1531 795 1590 ad
842 1531 1111 1591 absentes
1158 1532 1488 1607 loquimur,
1544 1549 1809 1590 sermone
1857 1551 1989 1590 cum
2034 1552 2203 1608 prae-

69 1634 77 1703 ξ
167 1621 447 1680 sentibus,
539 1619 825 1689 Quamuis
871 1622 1058 1697 igitur
1103 1621 1212 1678 hoc
1258 1639 1407 1696 opus
1454 1624 1718 1696 satyram
1756 1638 1879 1679 esse
1916 1621 2202 1681 Horatius
2278 1633 2310 1679 5

167 1710 282 1784 ipse
329 1709 714 1786 profiteatur,
766 1727 898 1767 cum
945 1709 1033 1767 ait
1078 1700 1152 1790 (s
1191 1709 1254 1766 H
1295 1700 1587 1789 1,1.2):

432 1833 595 1893 Sunt
648 1818 862 1908 quibus
915 1834 980 1891 in
1030 1835 1234 1908 satyra
1280 1834 1487 1892 uidear
1531 1834 1708 1892 nimis
1757 1853 1891 1893 acer
1936 1837 1996 1893 et
2041 1835 2204 1893 ultra

426 1923 660 1998 Legem
703 1923 942 1980 tendere
990 1941 1155 1997 opuS,

168 2068 358 2124 tamen
405 2067 691 2143 proprios
737 2066 946 2124 titulos
992 2066 1188 2123 uoluit
1233 2068 1288 2123 ei
1330 2065 1788 2140 accommodare,
1833 2066 1939 2125 hos
1976 2068 2201 2143 priores

168 2153 305 2213 duos
342 2156 538 2214 libros
568 2154 935 2228 Sermonum,
971 2155 1326 2229 posteriores
1355 2154 1766 2229 Epistularum
1792 2149 2199 2233 <in>scribens
2242 2167 2307 2215 10

174 2233 271 2322 (1⁷¹
283 2245 407 2316 ch
445 2261 519 2302 ew
554 2244 767 2317 Porph.

338 2331 378 2408 ξ
401 2332 630 2407 Satyra
677 2332 895 2391 dicitur
939 2332 1126 2390 lancis
1173 2350 1358 2409 genus
1404 2334 1663 2390 tractum
1711 2351 1746 2389 a
1787 2333 1962 2391 choro
2000 2331 2201 2391 Liberi

170 2423 369 2497 patris,
419 2421 531 2497 qui
579 2424 671 2480 est
712 2421 985 2480 minister
1030 2421 1159 2478 uini
1205 2424 1265 2479 et
1311 2421 1619 2497 epularum
1667 2412 1907 2501 (P'Vog

338 2509 379 2585 ἓ
403 2510 629 2585 Satyra
672 2509 846 2568 istius
893 2510 1050 2568 inter
1085 2508 1306 2568 Lucilii
1351 2512 1441 2568 est
1486 2513 1547 2568 et
1581 2510 1909 2583 quenalis3
1954 2530 2094 2569 nam
2140 2512 2201 2568 et

169 2600 558 2672 asperitatem
595 2598 790 2671 habet,
829 2617 1008 2673 quam
1048 2592 1164 2676 [et]
1193 2597 1476 2672 Luciliu8,
1514 2601 1575 2657 et
1602 2600 1979 2673 suauitatem,
2018 2618 2199 2674 quam
2238 2611 2303 2658 15

88 2751 93 2756 ⁸
166 2684 498 2762 quenaIiS‚
552 2688 802 2745 mixtam
855 2688 919 2744 in
974 2706 1083 2746 suo
1140 2689 1415 2746 carmine.
1530 2686 1801 2763 Denique
1854 2687 1970 2745 nisi
2024 2687 2198 2746 que-

169 2775 314 2836 nalis
380 2776 744 2852 scripsisset,
807 2776 923 2835 isto
988 2795 1159 2834 nemo
1227 2778 1381 2835 esset
1438 2776 1671 2850 melior3
1734 2795 1943 2833 uerum
1997 2780 2197 2835 tamen

169 2864 495 2923 sciendum.
537 2868 642 2938 est,
707 2864 865 2940 quia
909 2867 1246 2939 satyrarum
1304 2883 1538 2924 carmen
1594 2883 1630 2922 a
1685 2866 1877 2939 primo
1934 2867 2198 2924 omnium

170 2957 407 3012 auctore
452 2952 685 3012 Lucilio
744 2955 1048 3029 repertum
1095 2956 1199 3012 est.
1291 2953 1569 3029 Plerique
1616 2957 1882 3028 satyram
1930 2973 1965 3011 a
2009 2954 2195 3030 lance,

341 3181 376 3227 2
416 3177 550 3228 sunt
584 3175 710 3246 νοζ]
751 3175 865 3229 sint
902 3177 1045 3244 yvV
1227 3183 1261 3229 4
1299 3176 1446 3246 eptis
1484 3198 1517 3231 ν
1556 3179 1681 3245 epis
1719 3197 1751 3245 γ
1789 3176 2043 3245 epistolis
2080 3177 2197 3230 er

167 3245 420 3313 epistolis
447 3249 479 3310 ζ
619 3252 650 3300 5
680 3249 930 3314 satyram
955 3248 1073 3301 er
1082 3247 1130 3317 ζ]
1163 3247 1396 3301 satiram
1424 3269 1457 3318 γ
1486 3250 1737 3301 suturam
1765 3269 1797 3303 ν
1946 3253 1973 3299 7
2005 3248 2195 3315 satyra

168 3332 237 3367 ru
250 3317 326 3371 Vc
334 3317 386 3387 ζ]
425 3318 603 3371 satira
638 3339 671 3385 γ
853 3323 918 3371 10
955 3317 1128 3372 libros
1168 3318 1307 3372 duos
1346 3340 1378 3388 γ
1549 3318 1801 3389 (epistulz
1840 3336 1871 3372 r
1899 3319 2122 3387 Porph.)

171 3386 416 3441 scribens
444 3390 597 3443 codd.
627 3389 938 3443 inscribens
966 3389 1091 3445 edit.
1122 3406 1245 3444 cum
1262 3392 1466 3460 Porph.
1580 3397 1645 3444 12
1674 3392 1887 3458 (satyra
1908 3388 1979 3443 Γ’
1992 3390 2122 3459 Ῡοζ)

176 3463 236 3509 14
272 3461 468 3526 satyra
503 3460 681 3531 vag']
721 3460 896 3514 satira
937 3463 990 3513 Γ
1141 3518 1144 3522 ,
1200 3467 1265 3514 15
1313 3463 1371 3515 et
1416 3468 1543 3517 ante
1589 3461 1837 3514 Lucilius
1884 3478 1983 3515 om.
2015 3464 2126 3530 γοζ

179 3533 237 3579 16
271 3530 508 3584 mixtam
525 3531 650 3602 νοζ]
687 3532 867 3585 mixta
885 3552 919 3586 ν
934 3532 986 3585 V
1013 3535 1040 3584 t
1066 3532 1245 3586 mixta
1272 3534 1390 3604 (sic)
1409 3554 1441 3602 γ
1589 3538 1654 3586 18
1676 3534 1991 3599 satyrarum
2010 3553 2043 3586 ν
2058 3534 2132 3587 Vc
2141 3532 2191 3603 ζ]

178 3598 469 3655 satirarum
496 3605 549 3654 Γ
578 3608 628 3656 et
655 3622 689 3656 ν
712 3603 806 3657 alt.
828 3604 942 3658 loco
1090 3609 1153 3657 19
1184 3606 1434 3672 satyram
1462 3603 1640 3674 vag]
1672 3603 1905 3657 satiram
1934 3606 1986 3656 Γ

278 3697 368 3738 Pu
339 3709 638 3741 ιεηᾼοιωῐι
668 3711 819 3742 senon
821 3712 874 3741 υ,
903 3712 955 3741 m
982 3703 1156 3743 Homi-
1159 3712 1262 3742 nm.
1319 3704 1379 3742 ΙΙ.
1844 3697 1871 3743 1
