2602 4013
453 208 586 273 272
1120 207 1364 263 SCHOL.
1387 207 1458 262 P'
1473 209 1526 263 V
1544 207 1624 261 IN
1650 206 1819 261 HOR.

1279 446 1528 508 EPIST.
1569 449 1649 506 19

635 582 701 649 1.
775 580 989 648 ¹⁸'Hanc
1044 590 1360 665 epistolam
1416 590 1493 648 ad
1538 583 2026 667 M<a>ecenatem
2073 589 2309 663 scribit,
2364 608 2462 664 qua

453 680 819 739 demonstrat
844 680 1280 757 pragmaticam
1308 697 1495 752 suam,
1532 678 1688 738 idest
1716 696 1972 753 causam,
2003 696 2189 753 quare
2218 680 2462 737 carmina

453 769 848 844 composuerit
905 760 1002 848 (ex
1043 760 1304 848 Porph.)
1398 766 1514 826 Sed
1572 767 1738 842 prius
1794 766 2103 843 uituperat
2146 766 2462 828 imitatores

335 870 413 917 ὅ
457 857 710 932 Cratini,
775 856 878 931 qui
915 856 1142 921 ,docuit
1204 876 1325 915 non
1387 856 1644 914 aliorum
1707 856 1971 915 carmina
2041 874 2167 915 esse
2223 855 2463 931 stabilia,

452 946 569 1004 nisi
613 946 719 1021 qui
762 946 1065 1021 potulenti
1109 947 1170 1004 et
1213 944 1365 1003 ebrii
1411 947 1624 1021 essent,
1667 945 1908 1004 trahens
1946 947 2318 1004 occasionem
2354 945 2461 1020 ipse

455 1033 734 1093 Cratinus
789 1054 860 1092 ex
904 1033 1163 1092 Homero
1211 1036 1271 1093 et
1316 1034 1539 1108 Ennio,
1590 1036 1655 1091 in
1703 1052 1955 1108 quorum
2000 1033 2170 1093 libris
2217 1034 2347 1093 laus
2388 1035 2463 1090 in-

455 1122 696 1181 uenitur
750 1122 894 1180 uini.
988 1121 1103 1181 Sed
1150 1123 1201 1182 si
1245 1123 1673 1197 laudauerunt,
1724 1141 1846 1181 non
1889 1125 2093 1181 tamen
2138 1126 2347 1198 poetas
2386 1123 2462 1180 ui-

336 1290 343 1300 Ι
452 1212 725 1271 nolentos
772 1211 981 1270 debere
1029 1230 1153 1271 esse
1200 1212 1476 1271 dixerunt
1523 1203 1627 1291 (Γ
1639 1204 1822 1293 (ναν)
1834 1213 1898 1283 fe

333 1301 415 1360 '10
631 1300 664 1336 ’¹‘
677 1299 982 1376 Cratinus,
1046 1300 1395 1360 archearum
1441 1300 1881 1360 comoediarum
1928 1300 2211 1376 scriptor,
2273 1302 2458 1359 tantae

453 1389 813 1448 uinolentiae
868 1390 1013 1463 fuit,
1067 1392 1137 1447 ut
1182 1390 1394 1449 solitus
1440 1389 1624 1448 fuerit
1667 1407 1846 1465 super
1888 1390 2074 1466 pelles
2124 1389 2459 1462 recumbere,

454 1497 602 1554 quas
667 1481 1011 1537 commeiere
1075 1481 1493 1553 consueuerat3
1560 1478 1674 1537 hoc
1737 1480 1923 1536 etiam
1986 1481 2351 1555 epigramma
2405 1480 2460 1535 in

452 1569 831 1626 monumento
879 1568 1003 1626 eius
1041 1569 1298 1627 testatur
1335 1587 1470 1626 eum
1506 1567 1688 1626 fuisse
1725 1568 2018 1626 uinosum.
2095 1566 2264 1626 Idem
2299 1567 2460 1626 etiam

451 1657 517 1713 in
581 1658 701 1715 Suis
765 1656 986 1714 fabulis
1049 1659 1230 1734 negat
1288 1656 1515 1715 bonum
1568 1659 1834 1731 poetam,
1901 1657 2005 1730 qui
2058 1657 2306 1715 uinosus
2356 1674 2460 1713 non

348 1758 414 1806 15
453 1746 662 1820 fuerit,
726 1748 787 1804 et
839 1744 971 1804 ideo
1025 1749 1233 1820 poetas
1287 1747 1352 1803 in
1397 1744 1600 1803 Liberi
1644 1744 1840 1803 Patris
1899 1763 2024 1804 esse
2069 1746 2276 1804 tutela.
2356 1744 2459 1802 Hic

337 1844 340 1847 “
453 1854 560 1911 per
611 1835 765 1894 hanc
818 1834 1210 1893 uinolentiam
1262 1836 1470 1892 tantae
1518 1833 1784 1892 libidinis
1830 1833 1972 1909 fuit,
2027 1837 2100 1893 ut
2147 1833 2459 1892 cubiculum

452 1941 624 1982 suum
662 1923 915 1999 speculis
953 1921 1286 1997 adornaret,
1326 1925 1618 1999 quatenus
1657 1926 1717 1981 et
1753 1922 1976 1981 coitum
2009 1941 2185 1981 suum
2212 1923 2455 1998 spectare

451 2015 651 2089 posset
698 2005 948 2093 (F‘abf

631 2094 700 2162 4.
782 2096 1273 2181 *(Adscripsit>]
1364 2101 1643 2178 Addidit,
1696 2102 1977 2177 inseruit,
2032 2098 2459 2161 connumerauit

345 2204 416 2252 20
457 2184 561 2271 (P'
563 2193 693 2265 ocbf
693 2193 758 2250 E

339 2275 342 2280 ⁴
635 2273 699 2339 7.
785 2273 1165 2358 *(Ennius>]
1261 2278 1377 2348 Qui
1440 2281 1666 2356 primus
1727 2279 1891 2354 apud
1941 2278 2191 2339 Latinos
2242 2278 2456 2337 heroica

454 2369 598 2427 fecit
643 2370 906 2428 carmina
953 2368 1029 2427 ad
1076 2369 1319 2428 annales
1366 2368 1811 2427 conscribendos
1861 2360 2020 2448 (Γά

633 2450 701 2517 8.
774 2456 902 2516 *Vt
945 2457 1181 2517 Persius
1228 2450 1320 2537 (4,
1360 2450 1500 2538 49):

777 2580 875 2640 Sic
920 2583 1130 2657 puteal
1175 2583 1373 2640 multa
1418 2585 1627 2641 cautus
1676 2574 1875 2663 (ylosa
1909 2604 1947 2639 α

341 2737 418 2785 ’25
640 2714 752 2782 12.
800 2718 1134 2802 ¹⁸⁸<Nudo>]
1205 2724 1336 2783 Hoc
1382 2723 1454 2781 de
1504 2743 1871 2800 quocumque
1916 2723 2287 2799 philosopho,
2330 2739 2452 2797 quo·

458 2812 621 2870 niam
670 2811 818 2871 Cato
865 2813 1043 2872 nudis
1088 2813 1338 2889 pedibus
1385 2831 1504 2871 non
1548 2812 1668 2871 fuit
1714 2805 1952 2893 (F'abf

634 2900 853 2978 *Quid
901 2904 954 2960 si
999 2902 1216 2977 aliquis
1263 2905 1491 2960 uestem
1525 2902 1879 2977 uultumque
1918 2899 2163 2961 Catonis
2199 2900 2453 2968 imitetur,

457 2992 745 3066 numquid
791 2993 1071 3050 continuo
1119 2992 1301 3049 etiam
1347 2990 1672 3050 uirtutibus
1713 2989 1861 3049 Cato
1909 2988 2039 3049 est?
2114 2989 2261 3049 Cato
2306 2987 2453 3057 enim,

456 3081 660 3139 consul
705 3080 1132 3154 Romanorum,
1192 3082 1261 3138 ut
1306 3079 1632 3137 terribilior
1681 3081 1999 3155 appareret
2042 3079 2334 3151 hostibuS,
2380 3077 2451 3132 in·

350 3181 419 3229 30
455 3172 644 3228 tonsis
708 3169 896 3227 barba
959 3171 1020 3227 et
1078 3169 1312 3243 capiHis
1369 3168 1648 3227 manebat
1703 3187 1836 3227 cum
1891 3168 2038 3226 duro
2096 3165 2451 3227 calciamento

455 3259 673 3334 pedum
719 3262 781 3317 et
827 3277 963 3316 cum
1007 3261 1151 3336 toga
1198 3258 1428 3334 exigua,
1475 3259 1544 3314 ut
1588 3257 1850 3316 uelocior
1895 3259 2049 3316 esset
2096 3249 2184 3338 (Γ
2195 3251 2251 3315 ἀ

636 3450 666 3497 3
705 3446 1080 3514 pragmatiam
1103 3445 1305 3526 Porph.
1452 3446 1635 3515 suam]
1664 3462 1765 3499 om.
1796 3465 1829 3499 ν
1977 3450 2041 3498 12
2063 3444 2349 3498 consuerat
2365 3461 2394 3509 y

458 3517 656 3586 etiam]
677 3516 855 3568 eciam
876 3516 912 3582 f
931 3516 1081 3569 enim
1099 3533 1130 3569 r
1147 3521 1279 3567 nam
1299 3536 1333 3568 ν
1480 3521 1544 3569 15
1563 3516 1767 3586 patris]
1788 3533 1890 3570 om.
1903 3536 1984 3570 να
2133 3521 2195 3569 17
2216 3512 2451 3583 quatinus

456 3587 621 3652 rocbf
641 3588 974 3654 quamtenus
995 3607 1028 3639 ν
1173 3592 1238 3639 22
1267 3584 1441 3639 libros
1461 3586 1750 3640 annalium
1768 3605 1847 3641 roc
1992 3591 2059 3639 28
2081 3587 2189 3657 est]
2209 3587 2283 3640 sit
2298 3605 2333 3638 α
2357 3582 2413 3635 fit
2428 3596 2451 3634 r
