2602 4013
401 203 530 268 358
1059 205 1303 261 SCHOL.
1328 206 1397 260 P‘
1414 207 1467 262 V
1484 206 1563 259 IN
1599 205 1768 261 HOR.

397 393 540 452 ergo
613 374 913 435 diasirtice
988 365 1120 455 (leq.
1157 367 1506 455 diasyrtice)
1585 374 1733 434 dicit
1794 374 2108 436 Horatius:
2185 377 2245 435 si
2318 395 2433 434 non

400 463 728 523 totonderit
782 467 988 540 caput,
1050 483 1266 524 nomen
1319 467 1532 540 poetae
1577 466 1977 538 nanciscetur,
2038 464 2206 540 quod
2255 467 2435 579 caput

400 571 519 611 non
564 555 813 613 sanatur
855 552 1046 612 tribus
1092 553 1250 613 datis
1296 552 1571 613 elleboris
1620 545 1723 634 (Γ
1733 555 1772 627 f
1784 553 1905 625 ch

574 658 751 719 Item:
797 658 1088 736 Anticyra
1133 661 1330 719 insula
1368 662 1475 735 est,
1519 661 1584 719 in
1622 679 1741 736 qua
1778 660 2107 719 elleborum
2142 663 2432 734 nascitur,

324 760 358 808 5
397 767 513 824 quo
577 752 867 808 sanantur
927 749 1183 809 inualidi
1245 752 1307 807 et
1368 750 1568 809 insani
1631 741 1811 830 (cons.
1848 742 2111 831 Poma).
2216 750 2432 809 Tribus

396 854 536 915 ergo
590 833 1019 917 pot<i0nih>us
1067 840 1456 915 accipiamuS,
1516 841 1624 899 aut
1668 838 1859 898 multo
1905 838 2166 898 elleboro
2221 831 2378 919 (I‘f
2387 839 2442 899 V

574 935 741 1005 301.
824 943 863 1020 ξ
885 945 1133 1004 Tonsori
1187 944 1395 1004 Licino
1453 936 1583 1026 (Vc
1594 937 1679 1025 ζ)]
1773 943 2015 1005 Licinus
2070 948 2222 1003 tunc
2282 946 2433 1004 dice·

393 1032 572 1091 batur
623 1035 830 1093 tonsor
881 1035 1160 1111 opinatus
1175 1079 1190 1108 ,
1251 1053 1429 1109 quem
1473 1037 1685 1109 postea
1728 1033 1938 1093 dicunt
1982 1034 2219 1093 factum
2268 1052 2430 1093 sena·

393 1124 582 1180 torem
619 1140 656 1180 a
686 1120 952 1198 Caesare,
996 1125 1140 1199 quia
1186 1122 1496 1183 dicebatur
1539 1125 1794 1181 nimium
1832 1122 2023 1182 odisse
2050 1122 2430 1199 Pompeium.

289 1222 356 1270 10
394 1209 474 1268 Et
519 1214 608 1270 est
653 1229 883 1272 sensus:
929 1211 981 1272 si
1018 1231 1135 1271 non
1173 1214 1540 1271 commiserit
1575 1212 1942 1270 tondendum
1978 1215 2163 1288 caput
2202 1211 2430 1287 Licino,

285 1683 351 1732 15

279 2148 347 2196 20

278 2607 345 2657 25

393 1317 568 1467 &lgm
583 1302 741 1448 Vtres
787 1300 1114 1377 Anticyrae
1169 1319 1378 1360 curare
1434 1319 1553 1360 non
1608 1304 1885 1377 possunt,
1943 1301 2090 1360 adeo
2145 1304 2431 1362 insanum

651 1406 682 1447 c

525 1388 733 1556 ἴ302ζ.
815 1492 854 1570 ἓ
874 1494 989 1564 Qui
1042 1515 1266 1575 purgor
1309 1496 1490 1555 bilem
1537 1489 1727 1577 (V§)]
1818 1495 1980 1555 Idest
2027 1496 2131 1571 qui
2180 1500 2430 1574 propter

387 1584 764 1662 purgandum
807 1584 990 1644 bilem
1033 1585 1177 1644 rado
1224 1588 1407 1661 caput
1450 1604 1676 1660 meum,
1731 1587 1836 1660 qui
1881 1585 2292 1645 catharticum
2338 1605 2427 1646 ac-

389 1672 546 1748 cipio
593 1672 671 1732 ad
714 1673 1090 1751 purgandum
1136 1692 1230 1732 me
1278 1665 1377 1754 (cf.
1416 1666 1678 1754 Porph.)
1771 1673 1994 1733 Aliter:
2044 1677 2173 1750 qui·
2203 1695 2429 1754 purgor

387 1760 568 1820 bilem
611 1780 720 1838 pro
766 1761 986 1821 bilibus
1033 1781 1274 1841 purgor,
1320 1763 1477 1823 idest
1524 1765 1632 1839 qui
1676 1782 1820 1822 curo
1868 1781 2045 1823 sanus
2094 1775 2248 1839 esse,
2297 1784 2427 1824 cum

386 1849 569 1908 sciam
625 1871 661 1910 a
716 1850 1057 1910 Democrito
1123 1870 1220 1912 eos
1281 1844 1453 1911 ueros
1509 1854 1717 1928 poetas
1774 1852 2052 1927 iudicari,
2118 1856 2234 1928 qui
2291 1855 2427 1914 sunt

384 1939 597 1998 insani.
687 1939 906 1999 Aliter:
973 1935 1233 2019 ‘purgor
1276 1936 1492 1999 bilem'
1542 1941 1801 2001 coleram
1846 1938 2026 2000 reicio
2072 1944 2423 2020 potionibus

386 2019 504 2108 (P'
535 2030 685 2101 Vc?

564 2129 729 2197 303.
778 2134 1124 2211 §Poemata
1159 2157 1368 2196 uerum
1399 2128 1558 2219 (V)]
1619 2137 1785 2196 Idest
1821 2156 1991 2197 nemo
2031 2141 2191 2198 esset
2232 2140 2419 2216 magis

383 2225 449 2283 in
493 2226 772 2301 opinione
817 2229 1015 2302 poeta,
1061 2227 1113 2286 si
1161 2244 1348 2287 essem
1395 2227 1649 2288 demisso
1698 2226 1916 2302 capillo
1964 2218 2072 2307 (P'
2093 2228 2225 2301 ch

564 2324 729 2392 304.
814 2331 852 2407 ξ
872 2333 977 2391 Nil
1030 2333 1188 2393 tanti
1243 2335 1334 2393 est
1382 2324 1538 2414 (V)]
1631 2332 1795 2393 Idest
1848 2332 2069 2394 nullius
2127 2334 2419 2393 momenti

384 2439 541 2494 sum,
603 2423 886 2496 quoniam
941 2441 1059 2481 non
1105 2440 1235 2481 sum
1281 2421 1536 2482 demisso
1583 2422 1830 2498 capiHO,
1886 2425 1947 2481 et
1993 2424 2102 2498 qui
2145 2443 2261 2499 per
2304 2425 2416 2481 sin-

383 2510 553 2586 gulos
593 2528 775 2570 annos
815 2511 1073 2570 coleram
1108 2530 1316 2589 purgo,
1397 2509 1724 2570 Dicebatur
1760 2513 1919 2570 enim
1950 2512 2413 2571 melancholicus

383 2598 564 2676 fuisse
609 2597 911 2658 Horatius
1006 2599 1225 2671 Aliter:
1290 2619 1503 2658 uerum
1557 2601 1644 2658 nil
1699 2602 1861 2660 tanti
1915 2603 2030 2675 est,
2086 2601 2248 2661 idest
2303 2620 2415 2660 non

384 2705 551 2761 curo,
599 2686 700 2745 sed
746 2691 1098 2766 contempno
1146 2689 1266 2748 dici
1310 2692 1519 2765 poeta:
1586 2704 1656 2748 ac·
1701 2691 1754 2748 si
1800 2689 2048 2749 diceret:
2114 2708 2239 2749 non
2284 2710 2419 2767 pos-·

380 2793 512 2834 sum
582 2780 761 2852 poeta
835 2796 985 2851 esse,
1058 2781 1128 2837 ut
1200 2781 1621 2854 contempnam
1695 2796 1899 2837 curam
1963 2782 2233 2855 corporis
2300 2780 2412 2838 mei

380 2855 494 2945 (P'
525 2865 675 2938 ch

561 3095 587 3141 1
620 3087 781 3162 dicit]
812 3090 979 3145 om.V
1117 3097 1151 3144 4
1178 3091 1340 3162 item]
1369 3106 1470 3145 om.
1490 3091 1527 3156 f
1664 3095 1695 3144 6
1725 3090 1985 3159 potusP'
1996 3091 2123 3162 fV]
2155 3109 2252 3146 em.
2270 3092 2339 3145 K.

379 3164 412 3213 8
450 3160 871 3229 opinatissimus
908 3165 982 3225 οζ
1125 3167 1186 3215 11
1228 3177 1423 3216 curare
1460 3179 1573 3215 non
1608 3180 1671 3231 p:
1713 3160 1781 3215 P'
1793 3163 1853 3234 f]
1891 3178 2003 3216 non
2040 3166 2282 3231 possunt
2318 3180 2407 3216 cu·

378 3247 502 3285 rare
519 3236 588 3297 οξ
607 3249 719 3287 ιιοιι
737 3234 973 3301 possunt
985 3234 1040 3288 V
1176 3238 1242 3285 13
1262 3232 1413 3287 idest
1430 3233 1552 3304 qui]
1571 3249 1676 3288 om.
1687 3237 1757 3297 οζ
1901 3238 1968 3287 14
1987 3234 2328 3288 catarticum
2340 3235 2407 3288 Vc

380 3302 752 3357 carthaticum
770 3322 801 3358 r
838 3302 1208 3358 cataraticum
1226 3307 1257 3367 ζ
1287 3304 1654 3358 citharticum
1672 3325 1706 3358 ν
1743 3303 2103 3358 carthiticum
2126 3326 2160 3375 γ
2192 3310 2406 3372 καθαρ-

377 3371 535 3428 τικόν
574 3375 774 3444 Porph
995 3380 1061 3428 15
1100 3374 1290 3457 aliter]
1328 3375 1422 3429 uel
1459 3380 1568 3440 νοζ
1767 3380 1834 3429 16
1871 3376 2108 3447 purgor]
2149 3393 2254 3432 om.
2278 3378 2344 3441 οξ

380 3449 447 3497 18
484 3445 672 3516 aliter]
711 3445 805 3499 uel
839 3449 908 3509 εζ
1062 3451 1129 3498 23
1167 3445 1266 3513 qui
1308 3446 1401 3517 P‘J
1442 3447 1595 3515 quod
1633 3449 1808 3503 Vom.
1837 3451 1945 3511 cg
2057 3453 2126 3501 24
2166 3449 2403 3502 coleram

376 3531 444 3568 rc
449 3517 502 3637 1ζ]
524 3515 709 3570 colera
729 3537 805 3584 γν
818 3518 873 3572 V
1005 3463 1480 3571 melancholicusq
1457 3518 1533 3589 V]
1554 3518 1835 3573 melanco:
1865 3524 1981 3577 cett.
2130 3525 2201 3575 25
2221 3518 2400 3589 aliter]

378 3599 448 3638 ue
506 3589 575 3649 σζ
715 3592 782 3639 26
821 3589 907 3640 set
943 3608 975 3655 γ
