2602 4013
1058 196 1468 251 PRAEFATIO
2171 198 2276 253 Vn

270 367 621 423 coaceruauit
656 365 950 443 longeque
989 366 1417 441 amplissimam
1449 365 1704 426 confecit
1731 367 2092 426 scholiorum
2130 386 2268 426 con-

268 453 480 530 geriem.
546 452 673 523 Quo
702 455 930 513 factum
958 457 1064 529 est,
1090 458 1161 513 ut
1188 455 1347 531 apud
1375 454 1534 515 hunc
1559 455 1936 531 potissimum
1965 460 2269 516 auctorem

260 543 553 616 permultis
599 542 746 604 locis
793 544 1214 620 explicationes
1259 544 1548 619 inuenias,
1594 562 1745 620 quae
1794 545 2065 620 quamuis
2110 547 2271 605 inter

258 648 311 689 se
358 633 653 709 pugnent,
706 634 909 691 tamen
954 633 1143 693 altera
1188 632 1441 692 alteram
1494 636 1805 708 tamquam
1860 633 2088 709 optima
2133 654 2268 695 cum

256 737 389 794 pace
436 721 756 796 excipiunt.
1044 767 1049 774 .

415 808 561 868 Fuit
599 807 971 869 Christianus
1020 801 1119 891 (cf.
1158 829 1204 869 c.
1244 810 1275 867 Ι
1326 811 1426 884 16,
1467 812 1565 869 13.
1609 813 1689 869 14
1728 810 1800 869 de
1835 804 2118 893 Adamo),
2165 812 2268 871 sed

250 897 654 973 superstitioni
682 899 1001 957 admodum
1029 898 1298 959 addictus
1330 890 1403 980 (s.
1433 899 1464 956 Ι
1494 901 1552 975 3,
1582 901 1664 959 59
1697 899 1768 958 de
1798 899 1966 960 nodis
1994 902 2269 978 magicis3

248 1003 287 1043 s.
320 985 381 1043 H
428 987 489 1061 8,
529 989 656 1046 209
706 987 778 1046 de
814 980 1227 1069 βιοθανάτοις)
1273 989 1331 1047 et
1370 987 1521 1047 uixit
1556 991 1693 1064 post
1728 989 2024 1048 Isidorum
2064 980 2268 1070 (quem

247 1091 290 1131 c.
322 1073 415 1132 111
465 1078 570 1150 29,
609 1078 649 1133 4
695 1076 929 1151 laudat3
976 1077 1026 1135 is
1074 1079 1276 1136 autem
1323 1077 1477 1135 uixit
1522 1096 1573 1136 a.
1614 1070 1995 1156 570—636)
2036 1079 2097 1136 et
2131 1081 2269 1154 post

243 1181 335 1221 eos
401 1165 506 1239 qui
561 1166 931 1224 recensiones
983 1160 1062 1223 A‘
1117 1168 1176 1224 et
1230 1163 1269 1241 ἓ
1335 1166 1727 1225 confecerunt.
1830 1164 2266 1226 Grammaticae

240 1250 486 1312 Latinae
543 1253 1057 1313 studiosissimus*
1101 1254 1260 1313 idem
1308 1253 1527 1314 Graece
1574 1255 1796 1330 optime
1842 1253 2091 1329 sciebat,
2142 1256 2269 1332 ple·

238 1339 393 1400 beios
460 1342 929 1418 despiciebat**;
992 1363 1135 1401 num
1198 1343 1422 1402 Romae
1485 1345 1729 1417 uixerit,
1796 1346 2093 1403 incertum
2159 1347 2265 1419 est,

238 1426 547 1489 Samnium
592 1450 711 1489 non
757 1434 1012 1490 nouerat
1048 1423 1147 1512 (cf.
1188 1451 1230 1490 s.
1269 1432 1300 1489 I
1341 1433 1397 1505 5,
1439 1425 1579 1513 51);
1625 1436 2045 1493 commemorat
2082 1434 2265 1492 etiam

238 1512 570 1578 ‘ciuitatem
615 1519 950 1598 Augustam
992 1519 1368 1579 Vindelicam
1424 1521 1579 1597 apud
1626 1516 1866 1581 Raetos'
1917 1514 2266 1603 (Augsburg

235 1624 279 1665 c.
307 1607 431 1665 ΙΠΙ
471 1610 535 1683 4,
568 1600 698 1690 17),
734 1608 889 1667 unde
924 1609 1084 1668 haud
1121 1611 1243 1668 scio
1281 1628 1359 1667 an
1396 1612 1528 1685 quis
1563 1609 1879 1669 concludat
1906 1610 2264 1669 scholiorum

233 1697 289 1752 Γ
323 1698 633 1757 auctorem
678 1697 837 1756 haud
881 1699 1090 1774 procul
1131 1697 1203 1756 ab
1240 1697 1495 1775 Alpibus
1530 1701 1594 1757 in
1631 1700 2081 1775 septentrionali
2119 1719 2262 1775 qua·

232 1783 363 1844 dam
426 1787 676 1863 regione
741 1805 887 1863 opus
953 1807 1125 1847 suum
1185 1788 1636 1846 consarcinasse.
1739 1785 1889 1846 Cum
1941 1787 2263 1865 Fulgentio

232 1872 371 1933 Afro
421 1865 510 1955 (a.
552 1867 930 1957 468—523)
978 1907 1065 1917 --
1113 1895 1287 1951 quem
1334 1894 1443 1954 ego
1489 1876 1801 1951 paululum
1843 1876 2083 1952 quidem
2121 1880 2261 1936 ante

230 1960 330 2022 hos
368 1963 776 2043 quadraginta
813 1983 999 2024 annos
1038 1955 1267 2045 (philol.
1309 1965 1495 2024 Bonn.
1535 1964 1782 2042 symbol.
1821 1984 1877 2041 p.
1920 1966 2064 2024 501.
2102 1958 2258 2048 502)

230 2052 591 2112 scholiorum
626 2056 686 2111 Γ
713 2055 1016 2113 auctorem
1052 2055 1234 2114 fuisse
1272 2074 1343 2114 ea
1379 2054 1451 2112 de
1489 2072 1667 2113 causa
1703 2054 2063 2130 suspicabar,
2102 2056 2260 2131 quod

230 2139 287 2198 in
331 2142 739 2218 compluribus
786 2142 1085 2203 codicibus
1131 2136 1196 2222 (γ
1241 2136 1430 2224 Flor.)
1476 2142 1702 2202 scholia
1736 2142 2073 2202 Horatiana
2118 2144 2258 2202 Ful·

229 2231 411 2306 gentii
478 2231 929 2309 mitologiarum
992 2231 1144 2291 libro
1207 2234 1401 2308 primo
1468 2233 1842 2308 excipiuntur
1913 2251 1986 2291 ne
2052 2232 2257 2292 addito

230 2319 465 2392 quidem
522 2322 709 2395 ipsius
763 2319 1069 2398 Fulgentii
1123 2322 1360 2380 nomine
1416 2353 1498 2360 —
1555 2340 1794 2397 prorsus
1858 2320 2010 2379 nihil
2064 2322 2256 2381 facere

227 2409 415 2481 primo
486 2408 701 2467 obtutu
766 2412 1039 2484 apparet,
1103 2411 1156 2469 si
1218 2428 1437 2468 nouam
1501 2410 1819 2470 editionem
1876 2409 2257 2469 Helmianam

229 2486 302 2573 (a.
346 2490 551 2579 1898)
604 2516 738 2557 cum
784 2498 1142 2557 scholiorum
1188 2500 1247 2556 Γ
1283 2498 1518 2558 dicendi
1562 2517 1773 2576 genere
1819 2516 2255 2573 comparamus:

226 2584 275 2643 is
319 2587 481 2644 enim
527 2586 717 2645 multo
766 2587 1055 2645 deteriore
1101 2587 1294 2645 utitur
1339 2586 1614 2647 dictione.

400 2672 681 2734 Ceterum
724 2678 1124 2735 recensionem
1161 2678 1218 2734 Γ
1248 2666 1362 2756 (=
1400 2678 1459 2734 Γ
1459 2668 1605 2757 mg.)
1653 2694 1772 2734 non
1807 2677 1898 2734 ita
1934 2677 2252 2735 terminare

226 2765 416 2837 potui,
476 2767 547 2822 ut
598 2782 717 2822 non
772 2765 999 2842 glossas
1056 2764 1345 2840 quasdam
1394 2765 1801 2823 interlineares
1849 2764 2251 2824 admitterem:

227 2869 361 2909 nam
406 2871 484 2910 ne
531 2852 759 2912 codices
807 2854 1046 2929 quidem
1090 2855 1208 2929 ipsi
1251 2853 1365 2912 hac
1404 2855 1469 2911 in
1504 2871 1568 2910 re
1604 2855 1765 2912 inter
1800 2871 1862 2911 se
1901 2857 2251 2931 congruunt,

167 2941 173 2948 ’
227 2939 323 2998 sed
375 2941 509 2999 fieri
562 2944 784 3017 potest,
839 2944 908 3000 ut
963 2941 1119 3017 quod
1172 2943 1236 3000 in
1292 2941 1326 2999 b
1371 2943 1468 3001 uel
1512 2961 1546 2999 r
1589 2944 1654 3000 in
1698 2943 1966 3020 margine
2011 2942 2250 3020 legitur,

224 3027 377 3087 idem
421 3031 489 3087 in
532 3053 570 3108 y
614 3031 712 3089 uel
757 3053 796 3088 α
840 3031 996 3089 inter
1040 3049 1245 3090 uersus
1292 3032 1581 3107 scriptum
1626 3032 1706 3091 sit
1753 3034 1814 3089 et
1859 3031 2106 3107 similia,
2152 3032 2249 3090 uel

224 3119 289 3173 ut
339 3118 630 3196 longioris
686 3118 1088 3178 adnotationis
1144 3138 1282 3195 pars
1335 3119 1526 3178 altera
1570 3121 1728 3180 inter
1772 3138 2002 3194 uersuS,
2060 3120 2251 3178 altera

226 3206 287 3262 in
325 3208 595 3284 margine
632 3208 881 3285 legatur.
953 3207 1167 3283 Itaque
1203 3209 1441 3284 nequid,
1487 3209 1647 3284 quod
1682 3210 1925 3268 maioris
1962 3209 2249 3268 momenti

273 3499 286 3510 θ
393 3429 421 3457 ‘¹
460 3429 528 3483 cf.
577 3447 617 3482 s.
664 3429 690 3482 1
737 3434 796 3497 3,
836 3434 902 3483 89
949 3429 1235 3500 (iugulas).
1284 3437 1342 3496 5,
1393 3436 1475 3485 14.
1525 3436 1607 3485 78.
1653 3437 1709 3498 6,
1761 3436 1878 3484 122.
1922 3435 2038 3485 123.
2080 3436 2172 3498 10,
2215 3436 2258 3484 ’ἴ

226 3499 656 3625 <mass
690 3501 1617 3643 31⁹2.ss2233135.>..22.;3.2.1230..121
1654 3507 1766 3640 {³⁸ss
