2602 4013
1058 213 1466 266 PRAEFATIO
2145 214 2274 268 XIII

264 382 527 453 nummis,
584 383 725 455 quia
781 382 1010 438 nummi
1062 383 1125 438 in
1181 400 1338 439 noua
1395 383 1599 440 fusura
1653 383 1865 440 iuuant
1915 378 2273 458 inopiam.'

265 469 407 528 Haec
451 470 809 528 stultissima
854 472 1148 528 sententia
1193 490 1314 529 non
1360 471 1584 547 legitur
1628 473 1692 528 in
1739 472 2062 543 codicibus3
2110 471 2275 530 deest

260 560 403 616 enim
449 578 568 617 uox
613 552 947 633 ‘inopiam',
996 577 1145 634 quae
1192 561 1246 618 si
1290 558 1538 633 deletur,
1585 562 1809 634 optime
1853 561 2273 638 intellegimuS,

257 646 388 721 quid
425 648 687 705 uoluerit
732 648 965 719 auctor,
1017 648 1390 723 efficiturque
1437 650 1730 707 sententia
1773 650 2110 723 uerissima,
2156 669 2275 724 qua

254 738 414 795 nouis
471 738 730 794 nummis
786 738 977 813 magis
1033 755 1139 795 nos
1186 739 1388 795 iuuari
1430 737 1528 795 uel
1573 737 1857 797 delectari
1901 738 2049 796 dicit
2095 757 2275 812 quam

249 824 526 883 diuturno
574 843 685 883 usu
731 825 1120 884 deterioratis.
1194 825 1470 902 Inopiam
1516 845 1655 884 uero
1691 826 1850 885 haud
1887 827 2083 885 minus
2122 828 2273 884 anti-

254 913 553 987 quioribus
581 915 839 972 nummis
867 914 1057 972 leuari
1083 932 1263 990 quam
1290 934 1447 974 noue
1475 914 1622 974 fusis
1652 917 1785 989 quis
1814 917 1904 974 est
1932 916 2036 990 qui
2057 913 2274 992 neget?

419 1003 548 1061 Nec
600 1005 793 1061 rarius
848 1004 1238 1062 inueniuntur
1282 1005 1331 1061 11
1373 1004 1516 1077 1001,
1573 1003 1675 1061 ubi
1719 1008 1963 1079 propter
2010 1004 2275 1078 aliquam

250 1090 535 1149 librorum
590 1091 989 1167 corruptelam
1044 1095 1152 1151 aut
1205 1095 1401 1151 totum
1447 1092 1710 1152 scholion
1758 1096 1863 1203 aut
1909 1093 2120 1151 30110111
2168 1093 2275 1150 ali-

252 1181 417 1238 cuius
467 1199 606 1256 pars
653 1182 893 1238 silentio
940 1181 1318 1255 praeteritur.

418 1269 589 1328 Haec
630 1270 830 1327 omnia
867 1270 919 1328 si
953 1270 1389 1345 perpendimus,
1437 1272 1709 1344 quamuis
1748 1264 2068 1347 ‘integram
2105 1288 2275 1328 suam

244 1353 440 1415 fidem’
496 1356 788 1433 Oruquius
833 1359 962 1433 ipse
1014 1360 1204 1417 iactat
1258 1350 1356 1439 (ut
1410 1378 1466 1433 p.
1516 1351 1701 1439 639),
1755 1362 1957 1417 tamen
2008 1359 2153 1417 adeo
2210 1360 2275 1416 in

245 1445 366 1505 eius
422 1446 612 1504 uerba
665 1448 890 1520 iurare,
955 1448 1023 1505 ut
1077 1466 1481 1523 quaecumque
1537 1447 1696 1522 apud
1751 1448 2275 1507 commentatorem

244 1535 547 1612 leguntur,
582 1536 645 1593 in
683 1537 947 1611 antiquis
984 1535 1222 1595 scholiis
1251 1555 1462 1594 reuera
1489 1538 1713 1612 scripta
1740 1537 1922 1595 fuisse
1951 1537 2274 1609 credamuS,

249 1623 407 1682 haud
457 1625 633 1683 facile
681 1624 1043 1684 audebimus.

418 1713 511 1771 Vt
544 1732 747 1786 unum,
787 1713 945 1788 quod
982 1715 1372 1788 antiquitates
1400 1713 1697 1773 Romanas
1737 1716 1973 1787 attinet,
2011 1713 2275 1773 adferam

245 1801 607 1878 exemplum:
645 1801 922 1877 equidem
947 1804 1011 1860 in
1040 1804 1660 1876 commentatiuncula,
1698 1822 1878 1877 quam
1907 1802 1978 1860 de
2007 1803 2274 1877 sepulcro

245 1890 491 1948 Romuli
535 1893 596 1949 et
641 1891 872 1950 duobus
918 1891 1185 1950 leonibus
1231 1892 1441 1967 scripsi
1481 1883 1873 1971 (Iahreshefte
1919 1891 2019 1949 des
2070 1894 2275 1949 osterr.

246 1979 585 2058 archaolog.
632 1979 913 2040 Instituts
973 1982 1139 2039 1901
1189 2000 1246 2056 p.
1288 1971 1401 2061 50)
1454 1982 1613 2040 uiros
1661 1979 2031 2041 doctissimos
2078 1979 2274 2040 Mode-

245 2071 509 2127 stovium
555 2073 616 2127 et
656 2068 1133 2128 Gammurinium
1178 2072 1400 2142 monui,
1447 2089 1520 2128 ne
1565 2070 1637 2128 de
1683 2089 1856 2129 sensu
1901 2069 2070 2128 uerbi
2117 2063 2274 2128 ‘con-

244 2154 407 2232 stat',
469 2157 625 2232 quod
677 2156 917 2234 quidem
964 2159 1121 2235 apud
1168 2161 1692 2217 commentatorem
1738 2176 1862 2234 ep0.
1907 2160 2006 2231 16,
2049 2159 2149 2215 13.
2195 2160 2273 2215 14

244 2250 651 2322 reppererunt,
699 2247 1114 2322 disceptarent,
1162 2250 1383 2323 quippe
1430 2248 1589 2323 quod
1633 2247 1783 2305 illud
1821 2246 2177 2305 uocabulum
2213 2249 2275 2303 in

247 2337 404 2394 ueris
456 2336 636 2394 schol.
676 2338 736 2393 Γ
772 2355 891 2394 11011
935 2338 1320 2394 inueniretur.

422 2425 631 2500 Aeque
687 2444 805 2483 uno
860 2425 1100 2500 quidem
1146 2426 1413 2500 exemplo
1459 2426 1717 2483 monitos
1764 2424 1946 2483 uelim
1993 2441 2117 2497 003,
2175 2424 2278 2498 qui

246 2511 315 2570 de
370 2515 596 2572 litteris
642 2512 873 2572 Latinis
929 2514 1209 2573 scribunt.
1304 2514 1456 2573 Sunt
1511 2516 1668 2572 enim
1723 2515 1831 2588 qui
1876 2512 2075 2571 dicant
2121 2531 2277 2571 com-

246 2603 572 2660 mentatori
637 2600 978 2677 Oruquiano
1052 2604 1379 2678 pleniorem
1445 2597 1780 2660 ‘Acronem'
1858 2620 2040 2677 quam
2108 2600 2277 2660 nobis

246 2694 384 2748 ante
433 2692 635 2749 oculos
681 2692 881 2764 fuisse,
927 2692 1171 2767 eiusque
1216 2694 1307 2749 rei
1351 2691 1755 2750 testimonium
1802 2690 2076 2749 adferant
2122 2708 2275 2748 com-

247 2784 425 2838 ment.
467 2780 544 2837 ad
581 2799 748 2839 serm.
778 2780 809 2837 I
839 2781 896 2851 8,
929 2781 1037 2839 25:
1079 2775 1264 2839 ‘Haec
1304 2780 1540 2858 Sagana
1586 2781 1802 2838 liberta
1837 2781 2018 2838 fuisse
2061 2778 2279 2836 dicitur

248 2865 568 2944 Pomponii
612 2870 918 2942 senatoris,
966 2870 1071 2944 qui
1116 2888 1152 2926 a
1192 2870 1525 2928 triumuiris
1563 2871 1654 2927 est
1688 2863 2094 2944 proscriptus.'
2169 2866 2278 2924 At-

250 2956 351 3029 qui
407 2956 741 3032 Porphyrio
798 2957 875 3014 ad
928 2958 984 3014 h.
1031 2959 1072 3015 1.
1119 2958 1352 3017 scribit:
1409 2953 1677 3015 ‘Memini
1732 2976 1824 3015 me
1878 2957 2073 3034 legere
2120 2955 2277 3030 apud

252 3043 569 3103 Helenium
607 3045 899 3105 Acronem
942 3044 1242 3124 Saganam
1286 3048 1525 3106 nomine
1571 3047 1753 3104 fuisse
1791 3044 2006 3104 Horati
2053 3047 2278 3119 tempo-

249 3133 412 3192 ribus
468 3133 717 3209 Pompei
781 3134 1047 3211 sagana*
1112 3138 1428 3209 senatoriS,
1495 3137 1598 3210 qui
1662 3154 1698 3193 a
1761 3135 2094 3192 triumuiris
2143 3152 2279 3207 pro-

428 3375 455 3402 *
495 3390 708 3442 sagana
757 3376 811 3429 U
815 3376 888 3428 M
893 3379 948 3430 P
982 3392 1118 3444 saga
1159 3377 1236 3429 W
1263 3391 1457 3445 sagam
1493 3376 1703 3429 Holder
1737 3391 1859 3428 cum
1887 3373 2279 3442 Petscheniym,

254 3445 357 3496 alii
391 3445 680 3511 libertam,
719 3463 946 3500 uxorem
983 3448 1073 3500 uel
1110 3448 1406 3515 coniugem
1442 3447 1567 3511 fort.
1608 3448 1797 3500 Acron
1832 3447 1963 3513 ipse,
2000 3446 2069 3510 cf
2109 3446 2279 3499 Pseu·

255 3516 402 3569 dact.
451 3522 641 3570 natust.
691 3534 801 3585 epo.
852 3524 909 3584 5,
958 3524 1051 3571 25.
1110 3518 1359 3588 Sagana]
1415 3517 1631 3571 Nomen
1685 3517 1968 3571 ueneficae
2028 3514 2276 3569 alterius.

256 3584 408 3640 Haec
446 3588 720 3641 senatoris
759 3587 1051 3642 cuiusdam
1089 3606 1254 3643 uxor
1290 3589 1401 3642 fuit
